3254 5212
784 549 824 614 33

244 732 433 814 significare
464 735 639 814 voluisset,
666 736 851 818 scripsisset
876 744 988 798 noster
1013 744 1152 798 ruaueut
1174 734 1284 798 adhuc
1301 734 1364 818 ·(cf.

245 859 313 924 Tit.
341 862 373 945 2)
398 861 450 926 vel
475 872 511 926 ut
536 862 755 926 Casaubonus
780 865 923 927 coniecit
947 872 1085 926 maerent
1105 862 1272 946 hodieque.
1310 862 1367 925 An

245 992 356 1072 potius
381 1012 457 1053 cum
483 993 638 1055 Ernestio
662 992 926 1074 explicabimus:
945 993 1151 1073 „manebant
1167 991 1367 1074 Vespasiani

245 1127 395 1201 tempore
420 1120 582 1200 imagines
607 1119 743 1197 Sabini,
769 1120 827 1182 sed
846 1130 955 1183 utrum
973 1120 1085 1184 adhuc
1102 1122 1248 1184 existant
1265 1140 1368 1184 necne

246 1268 264 1308 e
288 1247 554 1323 commentariiS,
577 1247 700 1328 quibus
717 1268 795 1309 usus
812 1268 885 1310 sum
903 1270 1016 1311 eruere
1033 1269 1099 1312 non
1117 1248 1256 1331 potui''?
1279 1248 1368 1312 Sane

246 1372 412 1456 permulta
437 1372 575 1454 singulis
600 1372 751 1437 Suetonii
775 1376 886 1437 verbis
912 1377 1018 1438 inesse
1035 1376 1177 1454 debent,
1203 1378 1231 1440 si
1250 1385 1300 1440 tot
1317 1397 1369 1439 res

246 1522 311 1562 uno
347 1501 450 1562 verbo
494 1501 738 1583 complectitur.
802 1504 923 1585 Neque
960 1505 1143 1586 quicquam
1176 1504 1370 1587 proficimus
1407 1507 1411 1514 ’

245 1628 351 1709 Lipsii
380 1629 571 1691 coniectura
603 1628 799 1707 attenuebant,
826 1632 946 1712 inqua
973 1631 1062 1693 idem
1089 1630 1169 1694 illud
1196 1631 1370 1712 imperiec-

244 1765 315 1818 tum
349 1755 489 1818 offendit
514 1765 615 1837 atque
650 1777 689 1818 eo
722 1756 867 1840 amplius
899 1756 1077 1820 ruouelaut
1102 1759 1235 1820 obiecto
1260 1766 1368 1834 caret,

245 1907 322 1948 nam
359 1885 462 1947 verba
491 1884 626 1966 positae
657 1884 690 1946 ei
719 1884 779 1947 sub
812 1884 871 1946 uec
908 1884 1012 1947 titulo
1037 1879 1137 1955 καλῶς
1162 1877 1370 1963 :snutrein

244 2014 408 2076 artissime
443 2013 526 2074 inter
558 2033 594 2074 se
627 2013 817 2076 cohaerent.
844 2049 889 2058 —
914 2012 1063 2076 Videant
1095 2012 1151 2075 alii
1184 2012 1227 2075 de
1259 2033 1371 2075 emen-

244 2140 394 2217 datione,
420 2162 480 2203 nos
506 2141 636 2204 interim
661 2143 800 2206 verbum
825 2141 1007 2204 ruauebaut
1031 2141 1131 2203 obelo
1156 2149 1320 2206 notemus,

294 2397 380 2462 CAP.
417 2411 446 2477 5.
497 2399 542 2480 (p.
579 2411 656 2476 227.
689 2397 744 2479 38)
771 2398 826 2460 Ex
851 2398 1058 2460 Memmiano
1083 2395 1200 2460 codice
1224 2397 1371 2461 Rothius

246 2528 373 2608 recepit
411 2535 608 2610 tantumque
643 2524 747 2608 quaed,
784 2526 875 2608 quod
908 2528 1010 2590 etiam
1036 2527 1197 2609 praebent
1221 2524 1312 2589 Med.
1340 2543 1370 2606 3.

246 2655 315 2720 Pal.
344 2672 374 2718 2.
424 2654 491 2718 Sed
517 2653 633 2736 procul
660 2654 763 2717 dubio
789 2656 1003 2719 scribendum
1029 2665 1080 2720 est
1105 2665 1240 2719 tanturn
1265 2654 1372 2739 petel·

245 2805 321 2846 nam
348 2783 439 2865 quod
477 2781 739 2865 Oudendorpius
774 2783 945 2863 perhibuit
969 2785 1125 2866 copulam
1151 2784 1227 2847 ferri
1253 2804 1369 2866 posse,

245 2913 372 2994 quippe
407 2931 495 2992 quae
530 2910 734 2990 significaret
765 2918 799 2971 et
827 2909 980 2992 quidem,
1011 2911 1190 2975 Suetonius
1219 2910 1370 2995 profecto

245 3040 431 3120 scripsisset
453 3048 487 3100 et
511 3046 645 3099 tantum
671 3036 760 3120 quaed
780 3047 982 3120 euerupturn.
1005 3075 1049 3084 -
1071 3040 1156 3101 Fere
1181 3040 1307 3121 ubique
1335 3039 1368 3100 in

247 3166 311 3228 hac
342 3187 439 3243 voce,
474 3164 568 3226 cuius
599 3164 668 3225 vim
701 3162 840 3225 fortasse
865 3184 930 3225 non
956 3165 1154 3246 capiebant,
1185 3165 1270 3248 lapsi
1295 3173 1372 3227 sunt

246 3293 382 3357 librarii.
408 3293 450 3357 cf.
476 3292 567 3374 Aug.
594 3290 637 3371 63
665 3292 722 3354 ubi
748 3292 871 3356 Medic.
892 3310 921 3374 3.
941 3294 1043 3357 Periz.
1064 3292 1166 3357 Vind.
1192 3310 1219 3358 1.
1236 3303 1370 3356 tautum

246 3421 349 3505 praed,
375 3421 527 3504 plerique
551 3441 629 3484 vero
656 3429 863 3504 tantumque,
890 3459 934 3468 —
959 3421 1050 3504 Aug.
1078 3423 1121 3503 98
1147 3421 1204 3484 ubi
1230 3421 1369 3486 Memm.

247 3549 390 3612 Medicei
428 3558 562 3612 tanturn
600 3547 703 3632 paracl,
741 3548 877 3631 plurimi
915 3559 993 3613 tutu
1029 3549 1083 3612 vel
1122 3559 1201 3613 tuuc
1238 3547 1369 3632 qru'a'eru

247 3678 384 3740 habent.

293 3804 397 3868 Paulo
435 3805 518 3868 inlra
554 3827 615 3888 pro
652 3807 781 3888 vulgari
818 3805 1005 3890 quamlibet
1028 3825 1212 3886 maguum,
1246 3800 1286 3864 id
1307 3822 1372 3866 esse

239 3945 487 4019 proventurum
506 3935 758 4016 pollicerentur
775 3934 961 3998 Salmasius
978 3935 1153 4017 proposuit
1169 3953 1268 4017 quarn
1289 3932 1371 3995 libet

247 4085 407 4146 euagreruu
429 4063 469 4126 id
489 4071 591 4139 esset,
611 4071 860 4144 proventuram
876 4061 1145 4142 pollicerentur,
1172 4059 1263 4141 quod
1289 4059 1371 4122 mihi

248 4194 395 4256 maxime
432 4189 565 4252 arridet.
603 4189 710 4252 Editt.
750 4190 851 4251 Rom.
889 4187 1017 4250 Bonon.
1052 4186 1138 4249 aliae
1171 4187 1371 4249 confirmant

248 4322 334 4384 hanc
371 4317 651 4381 emendationem.
702 4316 791 4379 Sane
828 4316 912 4378 haec
948 4314 1017 4377 duo
1049 4315 1152 4377 verba
1185 4313 1372 4398 quamlibet

246 4468 407 4531 euagrium
441 4466 501 4529 per
524 4466 559 4508 se
584 4445 766 4521 sufficiunt,
801 4444 924 4525 quibus
961 4443 1040 4505 solis
1064 4442 1092 4504 si
1118 4441 1298 4506 Suetonius
1324 4444 1371 4508 uti

1211 4570 1229 4636 3
