3254 5212
765 555 802 621 31

221 750 436 825 transponere
467 743 567 806 velim
594 764 694 828 quam
720 752 797 826 post
821 763 899 807 usus
923 753 990 822 est,
1024 764 1092 826 quo
1117 744 1345 811 desideratum

223 890 356 933 sensum
390 892 644 954 recuperamus:
681 871 774 935 domi
808 892 875 934 non
906 880 1033 935 temere
1060 873 1126 935 alia
1150 883 1242 938 veste
1267 896 1345 938 usus

208 1008 273 1061 est
305 1000 367 1062 nisi
400 1021 489 1081 quae
521 1001 565 1063 ab
595 1021 700 1064 uxore
725 1008 759 1063 et
789 1021 903 1064 sorore
927 1021 967 1063 ac
993 1001 1061 1063 filia
1086 1001 1239 1065 confecta
1263 1011 1344 1066 erat.

152 1110 174 1180 s
225 1126 373 1189 Traditis
398 1127 486 1188 enim
512 1127 623 1189 verbis
648 1127 730 1190 nihil
756 1127 847 1191 aliud
874 1129 959 1190 inest
984 1128 1045 1190 nisi
1071 1128 1163 1210 quod
1180 1127 1347 1193 Nadalius

223 1253 344 1336 gallice
376 1254 540 1319 reddidit:
574 1255 753 1338 „Auguste
785 1257 878 1320 selon
906 1255 1054 1320 Suetone
1078 1256 1178 1323 estoit
1201 1276 1345 1339 presque

222 1381 371 1464 toujours
407 1403 448 1445 en
484 1383 566 1446 robe
601 1377 882 1462 de'chambre'’,
920 1384 1012 1467 quod
1052 1405 1132 1448 sane
1165 1384 1344 1449 Suetonius

223 1532 394 1593 nunquam
436 1513 617 1575 memoriae
659 1512 877 1577 mandaverit.
916 1551 960 1560 -
997 1514 1119 1596 Neque
1154 1535 1233 1584 vero
1268 1536 1345 1578 cum

221 1640 295 1702 aliis
319 1638 500 1702 domestica
523 1640 730 1721 interpretari
748 1639 849 1703 velim
866 1661 926 1723 per
943 1640 1037 1704 domi
1051 1641 1343 1724 consecta,.quam

221 1766 501 1848 significationem
525 1767 583 1829 vix
600 1766 646 1828 illi
663 1769 737 1830 voci
762 1769 944 1830 attribuere
965 1770 1083 1850 possis
1121 1769 1189 1832 Sed
1210 1770 1344 1852 insuper

223 1894 323 1970 mihi,
349 1903 386 1956 ut
409 1894 481 1956 dixi
491 1897 504 1969 ,'
524 1893 695 1976 oppositio
719 1891 837 1957 adesse
861 1893 992 1957 videtur
1009 1895 1094 1957 inter
1113 1894 1295 1959 domestica
1313 1905 1346 1960 et

214 2019 372 2104 forensia
398 2019 610 2084 vestimenta.

269 2276 354 2340 CAP.
371 2277 426 2339 82.
451 2285 514 2339 atet
526 2276 677 2360 quotiens
694 2298 763 2359 eqs.
790 2278 937 2341 Rothius
951 2278 984 2341 in
998 2287 1128 2343 textum
1146 2279 1271 2362 recepit
1284 2300 1344 2363 pro

222 2405 377 2468 codicum
398 2403 539 2466 lectione
552 2412 592 2466 at
613 2403 716 2484 „aut”
738 2403 907 2487 superflua
927 2406 1128 2484 coniectura,
1147 2427 1215 2488 qua
1227 2428 1344 2471 sensus

223 2533 321 2617 plane
346 2533 569 2616 perturbatur.
607 2533 813 2597 Infirmitatis
835 2555 936 2598 causa
961 2533 1136 2616 Augustus
1160 2555 1236 2599 raro
1252 2536 1343 2601 lava·

223 2661 338 2739 batur,
364 2661 423 2725 sed
449 2663 582 2746 saepius
608 2662 828 2744 unguebatur.
871 2663 923 2726 Ea
947 2683 1026 2726 vero
1051 2684 1139 2745 quae
1159 2672 1342 2746 sequuntur

222 2809 288 2852 non
313 2807 389 2852 cum
415 2788 543 2852 Rothio
568 2790 771 2873 opponenda
795 2798 872 2854 sunt
895 2791 1006 2854 verbis
1030 2800 1093 2854 aut
1103 2791 1255 2876 quotiens
1271 2813 1340 2875 eqs.

222 2914 280 2978 sed
317 2936 394 2979 cum
431 2914 709 2999 praecedentibus
746 2916 1001 2999 coniungenda,
1043 2938 1121 2980 nam
1157 2919 1220 2981 tria
1257 2919 1341 2982 haec

221 3043 324 3108 lavari
357 3044 458 3126 ungui
492 3043 614 3108 sudare
643 3032 714 3109 arte
731 3045 912 3109 cohaerent
937 3045 1041 3128 (quod
1063 3055 1152 3108 recte
1184 3047 1342 3129 exposuit

223 3172 351 3235 Becker
384 3172 463 3253 Jbb.
490 3172 513 3236 f.
547 3172 632 3238 Phil.
667 3175 728 3254 87,
764 3190 841 3254 207.
868 3173 910 3236 cf.
945 3171 1037 3236 Guhl
1069 3194 1100 3235 u.
1127 3172 1254 3250 Koner‚
1280 3172 1341 3236 das

222 3300 338 3363 Leben
362 3299 421 3364 der
446 3300 504 3363 Gr.
532 3323 563 3365 u.
590 3302 632 3364 R.
652 3323 684 3384 p.
712 3301 776 3381 675
807 3300 854 3381 ff.)
874 3300 996 3382 quibus
1021 3300 1148 3382 optime
1165 3319 1340 3384 opponun-

221 3436 274 3491 tur
297 3436 336 3489 at
359 3427 511 3511 quotiens
535 3449 604 3510 eqs
653 3429 830 3510 Proposito
855 3427 944 3489 enim
977 3426 1171 3508 Augustum
1204 3436 1342 3511 propter
1403 3432 1414 3443 *

221 3553 447 3618 valetudinem
480 3563 609 3619 tantum
646 3555 748 3636 ungui
781 3562 814 3618 et
846 3554 966 3618 sudare
1002 3553 1131 3631 solere,
1168 3563 1257 3617 recte
1282 3576 1342 3638 per

221 3681 419 3767 particulam
444 3691 484 3744 at
519 3683 726 3747 subnectitur
750 3703 845 3760 eum,
883 3651 1039 3764 quotiens
1075 3682 1119 3744 ob
1156 3680 1341 3763 quamdam

221 3830 357 3873 causam
390 3811 492 3874 lavari
517 3810 709 3894 cogebatur,
739 3831 805 3873 non
837 3830 958 3894 corpus
984 3809 1016 3872 in
1042 3829 1167 3890 aquam
1191 3808 1341 3873 submer-

222 3957 299 4019 gere
323 3937 381 4001 sed
407 3946 536 4002 tantum
574 3938 693 4002 sedens
719 3938 751 4001 in
776 3937 887 4019 ligneo
923 3935 1007 3999 solio
1033 3954 1151 3999 manus
1175 3956 1215 3998 ac
1237 3936 1340 4020 pedes
1427 3961 1431 3968 ·

221 4034 355 4129 iactare.
412 4066 509 4150 Quae
545 4067 692 4130 secunda
731 4066 916 4129 sententiae
949 4085 1026 4148 pars
1061 4064 1217 4126 omnibus
1253 4086 1341 4147 quae

222 4203 471 4278 praecesserunt
495 4194 696 4277 opponitur,
733 4214 799 4256 non
835 4192 942 4256 solum
966 4193 1078 4256 verbis
1109 4200 1172 4256 aut
1194 4189 1341 4255 sudabat

221 4323 270 4386 ad
280 4322 465 4404 flammam
492 4344 562 4406 eqs
589 4323 731 4387 Solitam
754 4323 854 4404 igitur
874 4321 1122 4384 distinctionem
1142 4320 1340 4384 servandam

221 4471 291 4516 esse
321 4461 403 4534 puto
427 4460 461 4515 et
484 4451 640 4515 codicum
665 4450 843 4514 lectionem
871 4458 911 4512 at
934 4446 1108 4525 tuendam,
1141 4467 1246 4528 quare
1274 4467 1340 4511 res-
