3254 5212
767 557 808 623 57

187 794 190 799 -
228 767 357 810 summa
381 748 556 810 sufficeret.
584 746 680 827 Quae
705 731 797 810 notio
824 749 855 810 in
873 758 1029 832 corrupto
1046 751 1149 813 verbo
1166 751 1349 832 ceterisque

227 876 328 938 latere
353 873 464 938 debet.
502 874 593 956 Quid
619 885 732 938 autem
757 877 998 940 restituendum
1023 879 1066 942 sit
1090 879 1241 942 conicere
1266 879 1348 943 mihi

226 1003 459 1066 difficillimum
485 1023 556 1066 esse
580 1003 722 1067 videtur.
761 1004 896 1066 Interim
922 1004 1033 1066 locum
1058 1006 1157 1067 obelo
1183 1014 1346 1070 notemus.

273 1259 357 1321 CAP.
386 1258 439 1338 56.
488 1258 625 1321 Amicos
650 1259 702 1321 ita
737 1280 876 1341 nzagnos
899 1269 932 1321 et
949 1269 1104 1342 potentes
1137 1261 1173 1322 in
1206 1261 1350 1323 civitate

225 1405 289 1448 esse
312 1385 444 1463 voluit,
471 1396 509 1449 ut
535 1397 646 1449 tamen
665 1387 754 1468 pari
785 1386 859 1448 iura
883 1397 1002 1463 essent,
1030 1408 1093 1469 quo
1125 1387 1232 1449 ceteri
1263 1387 1347 1470 legi-

227 1512 346 1594 busque
371 1513 570 1577 z'udiciariis
601 1537 703 1597 aeque
737 1525 940 1577 tenerentur.
992 1516 1069 1577 Non
1095 1516 1161 1578 ulla
1191 1515 1291 1595 igitur
1315 1515 1348 1578 in

226 1661 259 1702 re
283 1641 387 1704 voluit
412 1644 538 1705 amicos
569 1665 647 1706 suos
672 1664 751 1726 prae
777 1644 894 1706 ceteris
928 1642 1004 1705 inde
1034 1642 1250 1705 commodum
1275 1663 1348 1723 per·

226 1769 353 1850 cipere,
391 1769 483 1850 quod
520 1771 819 1833 necessitudinibus
853 1769 986 1832 Caesari
1013 1771 1115 1832 iuncti
1142 1780 1261 1847 essent,
1288 1771 1346 1832 sed

226 1903 261 1956 ut
293 1915 424 1957 summa
456 1899 607 1978 aequitas
646 1901 729 1960 inter
763 1918 879 1959 omnes
912 1896 1044 1958 adesset
1069 1916 1206 1979 operam
1233 1896 1347 1958 dabat.

226 2022 342 2104 Itaque
384 2024 474 2086 haud
514 2046 593 2087 vero
634 2024 776 2087 similem
819 2033 899 2105 puto
942 2024 1247 2104 interpretationem
1287 2025 1354 2108 Er·-

226 2151 320 2213 nestii
339 2151 539 2233 explicantis
552 2152 633 2214 illud
651 2150 780 2233 legibus
794 2149 992 2214 iudiciariis
1009 2150 1075 2228 „ad
1089 2170 1206 2212 causas
1218 2159 1348 2213 tantum

145 2290 147 2294 '
225 2279 376 2359 publicas
401 2290 546 2361 spectat,
573 2280 615 2343 de
640 2280 762 2361 quibus
789 2279 820 2339 in
847 2277 990 2357 publicis
1013 2275 1144 2338 iudiciis
1163 2278 1348 2358 quaereba-

181 2453 183 2456 -
224 2406 310 2471 tur.”
336 2406 449 2489 Quid?
479 2409 556 2470 Non
582 2408 780 2470 tenebantur
805 2425 884 2485 ergo
910 2405 1009 2466 amici
1028 2405 1173 2485 legibuS,
1200 2427 1287 2487 quae
1306 2407 1348 2467 ad

229 2556 280 2598 res
305 2537 452 2618 privatas
476 2538 648 2618 spectant?
687 2535 761 2596 Hoc
788 2542 876 2595 certe
901 2532 1131 2595 adversaretur
1156 2533 1201 2594 illi
1227 2555 1350 2614 aequa-

230 2664 314 2727 litati
329 2685 431 2746 quam
445 2685 657 2745 summopere
675 2663 865 2724 sectabatur
879 2659 1063 2740 Augustus
1083 2661 1203 2743 Neque
1215 2663 1350 2723 omnino

230 2791 283 2854 hic
316 2801 442 2855 certum
475 2793 586 2873 legum
621 2812 724 2873 genus
750 2789 911 2852 Suetonio
937 2789 1142 2852 efferendum
1168 2799 1256 2866 crat,
1290 2791 1348 2852 sed

229 2921 415 3000 significare
448 2921 595 2983 debebat
623 2922 749 2981 amicos
775 2939 881 2998 aeque
907 2918 1037 2997 legibus
1062 2919 1217 2980 omnibus
1245 2919 1348 2981 teneri

230 3069 268 3109 ac
293 3057 429 3111 ceteros.
456 3086 499 3096 -
526 3049 641 3129 Atque
665 3047 878 3109 vehementer
903 3045 1021 3107 dubito
1046 3046 1206 3108 accedere
1231 3047 1348 3107 Ruhn-

229 3175 329 3238 kenio
354 3185 507 3257 suspecta
531 3178 633 3238 verba
659 3174 788 3257 legibus
812 3173 1011 3236 iudiciariis
1036 3173 1099 3234 hac
1124 3174 1349 3254 explicatione

230 3302 389 3366 Suetonio
405 3303 602 3366 vindicanti:
621 3303 806 3383 „intellegit
823 3303 912 3382 leges
930 3301 972 3363 de
985 3301 1194 3376 criminibus,
1213 3310 1349 3381 propter

230 3449 313 3509 quas
344 3430 419 3509 quis
452 3431 484 3491 in
515 3431 674 3492 iudicium
699 3430 810 3491 vocari
836 3428 979 3509 potest.'’
1029 3428 1078 3490 At
1103 3448 1181 3490 sane
1207 3428 1349 3508 probent

230 3555 315 3618 hanc
340 3559 645 3639 interpretationem
671 3559 697 3619 si
724 3558 860 3644 possint.
888 3555 955 3618 Sed
981 3554 1067 3617 adeo
1085 3564 1273 3616 contortum
1292 3575 1351 3616 ex-

230 3685 375 3766 plicandi
400 3706 505 3766 genus
528 3687 585 3748 vix
610 3685 757 3764 accipias
781 3703 889 3764 neque
913 3703 992 3744 vero
1017 3681 1215 3744 Suetonium
1236 3683 1347 3744 tritam

230 3813 430 3898 locutionem
457 3815 544 3896 leges
560 3812 768 3876 iudiciariae
788 3813 891 3894 (quod
905 3811 987 3892 quid
1009 3812 1051 3873 sit
1067 3831 1182 3872 omnes
1196 3831 1349 3892 perspec-

230 3950 299 4004 tum
333 3943 469 4026 habent)
504 3942 561 4004 tali
587 3939 831 4021 significatione
856 3938 1067 4013 adhibuisse,
1094 3957 1198 4018 quare
1223 3938 1350 4019 aliquid

232 4069 341 4131 mendi
374 4070 477 4131 latere
510 4078 601 4150 puto,
652 4066 753 4148 Quod
782 4065 953 4128 sustulisse
980 4063 1060 4126 mihi
1085 4064 1201 4126 videor
1226 4085 1348 4145 propo·

230 4216 308 4257 nens
333 4194 524 4278 legibusque
548 4215 587 4256 ac
613 4195 769 4272 iudiciis,
795 4214 882 4276 quae
906 4193 1007 4254 verba
1032 4212 1146 4254 sensus
1172 4192 1236 4253 loci
1260 4191 1349 4253 effla·
1383 4254 1385 4258 ,

230 4324 323 4402 gitat.
371 4322 504 4420 [aedicio
542 4323 651 4385 teneri
685 4323 764 4385 satis
801 4321 934 4384 defendi
968 4329 1078 4402 potest
1111 4341 1153 4383 ex
1186 4319 1350 4383 similibus

223 4452 390 4530 promisso
428 4451 537 4513 teneri
572 4451 640 4514 Cic.
679 4449 732 4514 ad.
766 4450 840 4514 Att.
878 4450 953 4514 XII.
991 4452 1040 4512 18.
1059 4448 1199 4532 foedere
1224 4457 1248 4513 t.
1275 4448 1347 4514 Liv.
