3254 5212
795 487 840 554 68

261 697 419 758 accurata
446 691 551 758 totius
585 691 651 756 ioci
686 692 898 777 expositione
933 691 1032 756 facile
1062 691 1261 776 apparebit,
1298 690 1382 772 quid

259 817 315 882 hic
346 819 561 884 scribendum
592 819 647 883 sit.
680 818 910 903 Vespasianus
942 818 1033 882 mala
1061 818 1175 881 omina
1198 816 1336 880 omnino
1360 837 1381 878 a

257 965 295 1010 se
317 955 466 1011 avertere
489 945 665 1024 studebat,
689 955 749 1010 aut
771 956 861 1011 oerte
884 957 922 1012 ut
944 949 1035 1010 bona
1058 947 1279 1030 interpretari.
1322 943 1381 1008 Sic

257 1096 358 1141 omen
393 1077 559 1142 Mausolei
593 1076 754 1160 patefacti
791 1077 835 1140 ad
871 1077 1003 1141 Iuniam
1034 1077 1230 1153 Caluinam,
1263 1074 1382 1138 stellae

259 1206 400 1270 crinitae
423 1217 537 1271 autem
557 1205 602 1270 ad
618 1205 818 1270 Parthorum
833 1227 947 1288 regem
964 1215 1128 1283 traxerat,
1154 1207 1270 1287 itaque
1285 1224 1382 1286 prae-

256 1334 389 1416 sagium
421 1334 552 1398 suturae
584 1334 700 1398 mortis
732 1334 766 1397 in
798 1334 917 1397 melius
951 1335 1129 1397 immutare
1153 1341 1293 1396 conatus
1317 1341 1379 1396 est.

256 1459 372 1546 Quare
407 1463 517 1546 prima
549 1462 659 1525 morbi
686 1462 877 1525 accessione
909 1483 976 1525 non
1003 1462 1047 1526 de
1075 1461 1144 1524 ulla
1172 1481 1208 1523 re
1243 1469 1381 1543 questus

257 1597 325 1668 est,
361 1589 421 1654 sed
453 1590 566 1674 potius
595 1589 739 1655 laetatus
771 1590 992 1654 exclamavit:
1024 1590 1078 1653 Eu
1099 1597 1188 1672 puto
1212 1587 1293 1650 deus
1308 1587 1378 1673 fio,

256 1727 339 1781 tunc
363 1716 471 1799 magis
495 1715 729 1793 commodum,
760 1715 852 1799 quod
877 1717 941 1780 sibi
966 1717 1044 1780 inde
1068 1725 1263 1778 eventurum
1287 1686 1377 1790 erat,

258 1864 362 1927 quam
387 1843 639 1907 incommodum
664 1844 806 1907 intuens.
842 1843 901 1907 Ad
925 1865 965 1906 eu
989 1844 1033 1908 cs.
1058 1843 1165 1908 Plaut.
1183 1841 1256 1906 Mil.
1279 1841 1377 1919 1146.

259 1970 343 2038 Ter.'
363 1971 499 2036 Phorm.
525 1971 582 2034 III.
613 1988 700 2050 1.14.
727 1970 810 2035 Hor.
836 1971 879 2034 ad
904 1973 969 2034 Pis.
997 1973 1075 2052 328.

303 2224 388 2288 Tl'rl
423 2243 453 2289 c.
489 2241 523 2306 9.
577 2223 624 2290 Ut
656 2225 792 2289 tandem
825 2235 941 2290 mutuo
972 2246 1057 2309 erga
1079 2245 1113 2288 se
1136 2223 1252 2288 animo
1274 2223 1379 2288 vellet

256 2372 332 2418 esse.
381 2352 460 2416 Non
492 2352 591 2436 capio
622 2351 704 2434 quid
737 2351 803 2415 sibi
830 2352 934 2417 velint
955 2351 1059 2415 verba
1083 2361 1220 2415 mutuus
1243 2349 1379 2413 animus

256 2503 341 2567 erga
364 2480 524 2568 aliquem.
553 2481 610 2544 Ex
634 2479 801 2544 contrario
824 2479 952 2563 optime
975 2480 1067 2544 dicta
1091 2488 1169 2544 sunt
1191 2499 1256 2560 eg.
1282 2499 1378 2560 „mu-

256 2609 323 2675 tuis
357 2608 479 2674 auimis
513 2615 629 2672 amant
662 2604 839 2671 amantur''
873 2605 994 2671 Catuli.
1025 2622 1091 2688 45,
1126 2623 1181 2672 20.
1210 2644 1252 2656 —
1277 2606 1378 2686 „Tua

254 2736 409 2802 voluutas
431 2756 512 2817 erga
537 2755 591 2798 me
616 2754 759 2817 meaque
782 2753 862 2816 erga
885 2744 919 2797 te
942 2755 1005 2816 par
1029 2743 1131 2818 atque
1148 2734 1286 2798 mutua'’
1305 2733 1375 2798 Cic.

256 2865 300 2930 ad
335 2864 449 2929 Plane.
487 2862 543 2946 (ad
579 2863 654 2927 Att.
692 2862 776 2926 XVI
818 2861 859 2924 16
882 2864 946 2946 a.),
976 2901 1021 2910 -
1043 2863 1097 2928 vei
1121 2863 1376 2928 Ciceronianum

245 3013 343 3076 ¹„pro
368 3002 484 3058 mutuo
508 2993 670 3057 internos
686 2990 823 3056 animo''
840 2992 935 3069 sim,
960 2993 1019 3057 sed
1036 2993 1120 3056 haec
1136 2993 1236 3075 plane
1247 2992 1378 3055 diversa

256 3131 333 3187 sunt
355 3143 376 3186 a
400 3129 514 3188 nostro
538 3121 625 3189 loco.
650 3121 729 3185 Non
754 3121 853 3204 igitur
873 3121 992 3186 dubito
1008 3143 1169 3206 reponere
1184 3130 1224 3186 ut
1241 3115 1377 3182 tandem

256 3259 390 3316 mutato
413 3261 497 3334 e'rga
519 3269 554 3313 se
576 3247 692 3312 animo
715 3247 820 3312 vellet
843 3267 909 3311 erse
933 3248 955 3313 i.
979 3269 1008 3312 e.
1033 3258 1070 3312 ut
1092 3249 1230 3313 tandem
1250 3248 1379 3311 iracun-

257 3377 350 3446 diam
373 3377 558 3464 depoueret
581 3376 740 3460 bonoque
762 3375 875 3440 animo
898 3396 979 3459 erga
1000 3397 1036 3440 se
1052 3396 1125 3440 esse
1143 3376 1378 3459 inciperet.·-··
