3254 5212
791 497 811 565 7

241 687 361 752 clarius
394 697 444 753 est
467 690 523 753 hic
547 690 590 753 de
614 690 777 774 petitione
801 691 992 756 consulatus
1017 692 1090 775 agi,
1117 692 1211 757 cuius
1236 691 1361 757 mentio

242 817 343 899 paulo
367 826 446 881 ante
470 818 560 881 sacta
583 817 637 882 sit.
1139 855 1154 888 v

219 1034 227 1048 .
288 946 342 1009 In*v
362 945 482 1008 eodem
519 946 584 1008 hoc
620 947 730 1028 capite
763 947 891 1011 Rothio
924 968 990 1012 non
1015 948 1264 1012 assentiendum
1289 969 1361 1012 esse

241 1072 329 1136 duco
355 1094 399 1136 ex
423 1073 629 1136 Memmiano
654 1073 816 1138 Mediceis
844 1093 882 1153 2,
911 1094 941 1156 3.
967 1037 1042 1140 aliis
1067 1078 1099 1139 in
1124 1086 1255 1140 textum
1281 1077 1362 1139 reci·

241 1204 345 1287 pienti
370 1213 471 1286 opera
495 1202 538 1265 ab
562 1201 786 1284 optimatibus
803 1202 888 1266 data
904 1213 971 1282 cst,
998 1225 1074 1267 cum
1092 1205 1124 1267 in
1142 1204 1174 1267 V
1176 1225 1240 1268 oss.
1259 1205 1360 1268 Periz.

242 1331 364 1395 Medic.
396 1348 407 1394 1
438 1331 505 1396 Ed.
531 1330 617 1395 Ven.
644 1332 849 1414 praepositio
879 1333 977 1395 absit.
1012 1331 1129 1415 Atque
1157 1333 1201 1395 ab
1227 1332 1362 1396 Ouden-

240 1460 349 1542 dorpii
383 1459 535 1542 partibus
568 1468 638 1536 st0,
673 1460 731 1542 qui
764 1460 821 1522 ubi
846 1460 1002 1524 dubitant
1027 1461 1244 1543 manuscripti
1269 1461 1360 1538 libri,

240 1588 522 1670 praepositionem
558 1587 676 1650 abesse
712 1588 849 1652 mavult.
889 1589 940 1654 cf.
978 1590 1073 1654 Caes.
1109 1593 1163 1670 85.
1214 1590 1305 1672 Aug.
1332 1607 1360 1655 1.

240 1717 390 1797 Draeger
413 1714 448 1779 S.
476 1737 506 1778 u.
533 1714 582 1778 St.
608 1714 668 1778 des
694 1715 777 1780 Tae.
804 1738 836 1799 p.
864 1719 919 1780 28.

286 1969 372 2034 CAP.
400 1987 453 2034 20.
502 1970 617 2033 Potius
642 1990 719 2033 cum
745 1971 899 2034 Mediceo
924 1973 1034 2053 primo
1059 1972 1170 2053 legere
1186 1971 1287 2034 velim
1303 1971 1365 2035 scd

243 2097 384 2163 Caesare
407 2108 441 2160 et
473 2097 589 2174 Julia,
625 2098 712 2160 unde
739 2098 857 2162 melius
882 2107 1023 2181 apparet
1047 2121 1108 2182 pro
1132 2099 1257 2163 Bibulo
1282 2100 1361 2162 sub-·

237 2227 390 2289 stitutum
416 2247 487 2288 esse
512 2224 621 2299 Julia.
648 2225 748 2308 Quod
774 2235 887 2289 autem
908 2227 1061 2309 Lipsius,
1089 2228 1309 2291 Casaubonus
1327 2237 1361 2292 et

237 2353 427 2435 nuperrime
438 2352 544 2415 Polak
557 2353 679 2435 (progr.
693 2374 809 2436 gymn.
829 2355 959 2430 Erasm.
979 2354 1078 2438 1882)
1095 2355 1197 2418 verba
1215 2353 1296 2420 bis..
1311 2405 1318 2420 .
1332 2406 1338 2420 .
1353 2403 1359 2419 .

236 2480 430 2564 cognomine
454 2481 640 2570 adulterina
664 2490 817 2558 censent,
843 2483 989 2564 priorem
1007 2492 1136 2565 partem
1155 2482 1206 2546 bis
1220 2483 1358 2546 euudeua

230 2619 475 2694 praeparantes
522 2609 684 2673 Suetonio
724 2610 980 2688 vindicaverim,
1034 2612 1179 2675 exclusis
1226 2611 1361 2676 eramiae

235 2749 338 2822 atque
369 2737 581 2820 cognomine,
615 2738 695 2820 quia
728 2748 923 2821 exspectare
956 2759 1133 2821 possumus
1161 2740 1359 2804 Suetonium

235 2868 354 2931 saltem
387 2866 553 2930 nonnullis
586 2865 697 2928 verbis
729 2864 931 2946 singularem
965 2865 1054 2928 hunc
1084 2887 1181 2930 usum
1207 2869 1360 2932 locumve

236 2995 427 3058 illustrasse.

283 3250 368 3313 CAP.
406 3265 459 3312 21.
510 3249 595 3312 Cum
630 3247 874 3331 Oudendorpio
907 3249 1019 3331 potius
1052 3248 1224 3311 Mediceos
1250 3249 1281 3326 1,
1313 3250 1360 3312 ΙΙΙ

235 3386 268 3440 et
304 3376 530 3458 Copesianum
565 3397 708 3458 sequens
745 3376 855 3457 legere
887 3376 987 3438 velim
1013 3375 1208 3439 Successori
1229 3375 1298 3439 sibi
1322 3377 1359 3439 iu

236 3504 449 3568 consolatam
473 3514 506 3566 et
531 3503 627 3566 Caes.
657 3521 712 3585 29.
739 3503 917 3567 emendare
933 3503 1058 3588 sratri
1079 3503 1200 3566 Marco
1226 3503 1261 3566 iu
1285 3525 1360 3566 cau·

233 3633 385 3696 sulatum
418 3641 639 3709 successerat,
674 3633 797 3714 quibus
829 3632 962 3695 duobus
991 3631 1073 3694 locis
1099 3639 1255 3694 constans
1281 3653 1357 3694 usus

235 3759 478 3823 Accusativum
509 3758 648 3839 flagitat.
699 3757 772 3819 Nec
798 3759 910 3839 magni
936 3758 1109 3820 faciendus
1134 3767 1184 3821 est
1207 3757 1300 3820 locus
1326 3759 1358 3821 in

234 3887 365 3952 Galbae
395 3887 464 3950 vita
489 3907 563 3969 cap.
590 3887 611 3949 6
636 3896 675 3949 at
700 3887 736 3950 iu
760 3908 796 3949 eo
821 3887 890 3970 ipse
913 3886 952 3950 L.
977 3885 1133 3949 Domitio
1157 3886 1355 3964 succederet,

234 4037 310 4079 cum
342 4015 444 4079 verba
477 4036 565 4097 quae
597 4015 675 4077 huic
709 4014 935 4078 emendationi
968 4013 1137 4077 adversari
1161 4013 1354 4092 videantur,

235 4165 301 4206 non
326 4144 359 4205 in
385 4143 540 4205 omnibus
566 4142 739 4206 codicibus
764 4144 981 4206 inveniantur.

280 4399 366 4465 CAP.
394 4415 471 4465 22.
498 4399 561 4463 Pro
586 4398 741 4463 codicum
767 4400 909 4465 lectione
930 4397 1143 4482 responderit
1160 4398 1355 4466 Torrentius
