3254 5212
755 545 794 606 ¹7

211 730 418 810 significaret
449 733 494 807 ,in
519 733 593 812 ipso
626 733 794 794 sacrificio
818 731 1052 808 instituendo’;
1077 732 1134 792 hic
1155 751 1236 792 vero
1254 728 1339 792 nihil

211 871 450 942 exspectamus
492 861 555 921 nisi
599 862 762 942 temporis
798 863 960 921 momenti
991 862 1214 938 mentionem,
1245 859 1339 942 quod

212 987 394 1050 Suetonius
418 989 487 1050 fere
511 1011 572 1070 per
593 991 783 1070 simplicem
807 988 1008 1050 Ablatiium
1032 989 1223 1069 significare
1238 988 1337 1049 solet.

213 1115 257 1177 cs.
282 1116 669 1192 n··‚rssimai113.'.1r1'is,
700 1116 867 1190 avaritiis,
895 1116 1077 1176 tribuum
1100 1116 1145 1177 al.
1175 1152 1220 1160 -
1244 1113 1338 1176 Suet

217 1243 316 1305 Caes.
342 1259 374 1322 5.
409 1263 465 1323 39.
490 1245 547 1322 56.
573 1263 629 1324 59.
655 1246 712 1305 80.
745 1244 837 1324 Aug.
866 1263 923 1324 31-
947 1263 1006 1321 44.
1031 1243 1104 1305 Cal.
1131 1259 1186 1322 54
1218 1242 1339 1305 Claud.

215 1370 249 1434 6.
276 1387 332 1433 21.
358 1371 404 1432 i.t'.
428 1371 531 1433 Nero.
556 1389 590 1450 7.
615 1390 667 1434 12.
688 1372 800 1434 Galba
817 1373 850 1435 6.
865 1373 971 1453 Yesp.
989 1390 1041 1452 19.
1055 1371 1341 1448 Domit.4i.s.—

215 1519 353 1579 pemsrm.

263 1752 350 1816 Cae.
374 1755 431 1815 80.
480 1753 517 1814 In
542 1756 690 1815 carmine
714 1775 784 1836 quo
799 1755 894 1817 Bruti
918 1756 1025 1816 virtus
1047 1763 1082 1816 et
1104 1752 1259 1816 Caesaris
1281 1753 1344 1814 im·

216 1885 367 1964 potentia
409 1882 617 1963 lepidissime
658 1895 858 1964 carpuntur,
907 1885 1016 1964 ipsam
1056 1883 1273 1944 sestiiitatem
1309 1883 1344 1943 in

216 2012 430 2090 oppositione
456 2011 541 2069 inter
564 2011 711 2090 primum
741 2010 914 2070 consulem
938 2021 972 2071 et
995 2021 1205 2091 postremum
1229 2029 1344 2089 regem

218 2139 318 2197 sitam
350 2158 422 2198 esse
455 2149 549 2217 puto,
597 2136 713 2218 Quare
744 2160 788 2200 ex
821 2139 917 2199 editt.
946 2138 1058 2218 Lugd.
1103 2139 1190 2200 lunt.
1224 2136 1344 2218 Steph.

219 2267 368 2346 recipere
389 2267 491 2326 veiim
502 2276 713 2345 sostratus,
732 2268 798 2327 iam
823 2287 844 2327 a
861 2267 1055 2327 Burmanno
1070 2265 1345 2326 commendatum

219 2416 392 2476 nuperque
416 2415 437 2454 a
462 2394 603 2454 Polakio
636 2397 685 2455 tin
720 2405 971 2475 programmate
1005 2415 1122 2476 gymn.
1146 2394 1281 2455 Erasm.
1312 2413 1344 2454 a.

225 2525 324 2602 1882)
342 2524 534 2604 probatum.
576 2521 651 2582 Hac
673 2525 761 2583 enim
779 2543 862 2583 voce
886 2525 1039 2584 restituta
1055 2523 1154 2584 simul
1180 2523 1347 2583 indicatur

219 2651 384 2732 populum
399 2671 551 2731 sperasse
568 2651 649 2726 fore,
668 2663 705 2712 ut
717 2663 795 2731 post
809 2653 881 2712 eius
897 2673 1013 2713 necem
1026 2653 1165 2714 libertas
1180 2651 1346 2713 Romanis

219 2779 424 2842 redderetur.
447 2815 488 2823 —-
505 2777 573 2840 Sed
598 2799 734 2859 prorsus
750 2780 897 2840 alienum
915 2781 994 2841 hinc
1006 2801 1079 2841 esse
1092 2789 1174 2861 puto
1188 2778 1269 2840 illud
1281 2799 1347 2839 rex

213 2919 386 2988 postremo
402 2909 526 2988 sactus
548 2917 617 2982 cst,
642 2927 711 2988 quo
736 2909 844 2969 omnis
867 2909 918 2969 vis
935 2909 999 2969 ioci
1024 2909 1122 2989 perit.
1148 2906 1239 2968 Nam
1261 2906 1344 2987 quid

218 3035 285 3098 hoc
308 3036 352 3097 ad
384 3056 474 3110 rem,
507 3047 619 3095 utrum
654 3037 768 3095 statim
792 3056 836 3096 an
873 3047 1044 3115 postremo
1072 3056 1133 3096 rex
1157 3035 1266 3095 sactus
1289 3035 1344 3096 sit.

219 3163 396 3225 Praeterea
428 3164 613 3224 maximam
645 3165 878 3243 symmetriam
903 3165 936 3224 in
964 3164 1117 3224 versibus
1141 3162 1345 3224 iocularibus

218 3311 352 3372 semper
366 3292 579 3352 observatam
596 3309 668 3350 esse
685 3301 827 3352 constat.
840 3291 883 3353 cf.
902 3288 975 3352 Cal.
988 3307 1012 3370 9
1024 3287 1122 3351 Caes,
1139 3307 1197 3370 49.
1222 3287 1344 3349 Baehr.

219 3419 356 3498 Fragm.
388 3419 425 3481 P.
450 3417 491 3480 L.
516 3418 654 3498 passim.
682 3453 728 3461 -
758 3416 916 3479 Varietas
946 3417 1100 3478 lectionis
1132 3436 1215 3477 sane
1242 3416 1346 3496 digua

218 3555 292 3607 erat
313 3565 417 3626 quam
442 3545 589 3606 Rothius
613 3554 909 3606 commemoraret.

267 3782 354 3847 CAP.
380 3783 437 3845 88.
485 3781 626 3845 Primos
650 3792 843 3844 cmecrato
866 3781 921 3844 ed.
946 3781 1050 3844 Basil.
1087 3779 1177 3860 1546
1199 3781 1260 3844 dat
1283 3801 1345 3863 pro

135 3989 140 4002 .
218 3911 358 3992 vulgata
381 3911 524 3972 lectione
553 3910 674 3990 primo
709 3920 940 3986 consecratos,
977 3930 1121 3990 quorum
1158 3908 1241 3970 illud
1265 3908 1345 3969 huic

218 4039 366 4101 Rothius
390 4039 548 4119 praetulit
571 4039 711 4115 iniuria,
746 4052 784 4101 ut
807 4039 1094 4101 demonstraturus
1117 4058 1204 4098 sum.
1252 4036 1342 4098 Ludi

218 4166 378 4227 victoriae
393 4161 546 4225 Caesaris
562 4185 648 4245 quos
665 4165 841 4245 Augustus
858 4165 1000 4240 edebat,
1025 4165 1238 4245 iampridem
1252 4165 1344 4224 insti·

217 4294 282 4356 tuti
305 4303 400 4353 erant
419 4311 441 4352 a
457 4291 602 4353 Caesare
627 4293 659 4353 in
678 4295 875 4354 memoriam
898 4295 1060 4355 uictoriae
1075 4292 1343 4373 Pharsalicaer),
1400 4357 1408 4366 ,

252 4468 269 4514 ι)
305 4452 396 4512 lange
414 4451 446 4498 R.
464 4451 498 4498 A.
518 4451 557 4497 ΠΙ
575 4463 642 4512 447,
659 4461 718 4513 507.
752 4452 853 4500 PreHer
869 4453 946 4502 Rom.
965 4453 1001 4500 H.
1019 4453 1045 4499 11
1063 4463 1123 4512 ²44.

1203 4558 1223 4602 2
