3254 5212
801 519 848 602 46

263 745 333 809 eqs.
355 733 558 804 constaret,
600 724 728 809 aliquid
765 725 1049 803 desideraremus,
1090 746 1167 790 nam
1205 735 1295 791 certe
1330 735 1388 791 aut

266 855 452 936 scripsisset
469 847 589 918 ¹noster
613 854 745 934 „serunt
770 861 803 917 et
827 875 847 916 a
872 874 976 935 puero
993 890 1038 900 -
1055 855 1223 937 quaedam
1240 855 1386 939 scripta''

267 983 315 1066 (ut
339 984 460 1064 legitur
486 985 517 1046 in
543 984 636 1048 editt.
678 983 788 1065 Lugd.
822 982 939 1065 lunt),
974 992 1032 1046 aut
1056 983 1243 1046 addidisset
1266 1005 1387 1046 nomen

267 1111 355 1187 eius,
392 1132 412 1173 a
447 1131 515 1192 quo
553 1111 637 1173 baec
673 1112 797 1193 scripta
825 1110 960 1173 Caesari
986 1112 1239 1176 ascriberentur.
1290 1113 1388 1177 Nunc

268 1247 380 1301 autem
409 1258 431 1299 a
449 1248 557 1318 puero
574 1258 684 1322 aequo
702 1239 771 1301 iure
788 1258 864 1300 cum
881 1239 1053 1321 feruutur
1077 1241 1233 1323 coniungi
1259 1251 1387 1323 potest,

267 1386 355 1449 quae
379 1367 581 1448 ambiguitas
605 1388 626 1430 a
650 1365 801 1431 Suetonii
827 1367 1015 1430 elocutione
1040 1367 1149 1432 aliena
1170 1378 1230 1433 est.

314 1496 420 1558 Recte
457 1495 557 1576 igitur
591 1494 682 1559 aliud
717 1496 799 1579 quid
840 1495 971 1559 traditis
1007 1496 1192 1560 litterarum
1231 1496 1407 1562 ductibus-

269 1623 406 1686 subesse
433 1623 494 1685 viri
520 1622 610 1686 docti
636 1623 796 1706 suspicati
820 1632 907 1688 sunt.
957 1622 1025 1686 Sed
1052 1645 1170 1707 parum
1195 1625 1389 1706 proficimus

268 1751 501 1814 emendatione
527 1751 655 1814 Heinsii
666 1753 837 1834 feruntur
860 1759 973 1814 aetate
991 1761 1106 1814 tenera
1126 1749 1159 1815 et
1176 1773 1255 1835 eqS,
1282 1774 1389 1836 neque

268 1878 503 1962 Oudendorpii
534 1881 703 1962 feruutur
737 1900 816 1942 vero
851 1889 885 1941 et
920 1881 1133 1962 comprobari
1159 1901 1258 1962 posse
1284 1903 1326 1944 ex
1351 1882 1389 1943 iis

270 2027 358 2090 quae
374 2007 542 2089 disputavi
560 2008 679 2072 elucet.
705 2008 789 2070 Mihi
806 2008 914 2071 visum
932 2017 982 2071 est
1007 2010 1040 2072 in
1064 2010 1167 2072 ruinis
1192 2009 1256 2072 illis
1280 2020 1313 2072 et
1337 2009 1391 2073 ait

268 2156 346 2198 uero
372 2134 470 2217 (resp.
495 2135 585 2218 uero)
604 2155 725 2197 nomen
743 2134 846 2196 latere
863 2135 952 2212 eiuS,
979 2136 1073 2198 cuius
1090 2136 1289 2200 auctoritate
1307 2137 1391 2198 haec

267 2265 391 2347 scripta
417 2262 551 2325 Caesari
575 2262 831 2326 vindicarentur.
870 2263 989 2344 ltaque
1014 2264 1158 2344 cogitavi
1184 2262 1227 2326 de
1253 2263 1296 2346 Q.
1324 2265 1393 2327 Tu-

269 2391 410 2468 berone,
437 2391 530 2453 cuius
555 2391 680 2453 mentio
705 2390 793 2453 sacta
811 2400 860 2454 est
877 2389 969 2454 Suet.
988 2389 1084 2454 Caes
1106 2393 1146 2471 83
1168 2392 1221 2474 (cl.
1242 2387 1390 2454 Teuffel*

269 2521 288 2601 ᾗ
314 2519 411 2602 208),
438 2527 539 2602 atque
564 2529 720 2602 corrupta
744 2520 846 2582 verba
871 2520 918 2581 sic
936 2518 1199 2582 emendaverim:
1218 2520 1392 2602 feruutur

269 2656 356 2709 eta.
386 2645 424 2724 Q.
456 2644 622 2708 Tuberone
642 2646 684 2708 ab
710 2645 960 2709 adorlesceutulo
984 2646 1148 2729 quaedam
1177 2646 1320 2728 sarepta.

315 2775 436 2837 Postea
467 2773 535 2836 vidi
569 2773 635 2835 iam
664 2772 943 2836 Reifferscheidio
980 2793 1102 2835 nomen
1135 2773 1325 2836 Tuberonis
1359 2775 1390 2837 in

270 2909 415 2965 mentem
451 2901 601 2977 venisse,
636 2921 712 2963 cum
749 2902 890 2964 coniecit
917 2902 1088 2984 feruutur
1120 2911 1159 2964 at
1183 2903 1238 2965 uit
1267 2902 1391 2965 Tubero

269 3031 462 3114 (praeeunte
487 3029 638 3104 Bentleio
663 3038 702 3092 ut
725 3028 779 3092 ar't
812 3028 921 3094 Varro
947 3030 988 3094 cf.
1015 3030 1144 3092 Becker
1164 3031 1242 3110 Jbb.
1266 3031 1288 3095 f.
1306 3030 1390 3094 Phil.

271 3158 325 3238 87,
353 3157 444 3240 208).
493 3153 604 3219 Valde
642 3176 695 3218 me
729 3157 838 3239 piget,
876 3156 967 3237 quod
1005 3157 1087 3219 mihi
1117 3158 1215 3250 copia
1239 3179 1305 3221 non
1330 3158 1392 3220 fuit

270 3284 467 3369 inspiciendi
501 3284 604 3366 ipsius
636 3283 905 3346 Reifferscheidii
931 3295 1128 3366 argumenta
1158 3286 1191 3348 in
1216 3286 1288 3350 Ind.
1315 3286 1389 3349 lect.

270 3413 340 3478 hib.
366 3410 504 3477 Vratisl.
538 3414 729 3494 1870—71.
757 3434 789 3495 p.
817 3415 930 3494 83.—

318 3668 403 3732 CAP.
428 3669 482 3748 58.
518 3665 602 3729 Nisi
624 3674 704 3729 aute
721 3676 786 3747 per
808 3686 842 3728 se
852 3676 976 3748 portus
998 3704 1042 3715 —
1064 3668 1282 3751 explorasset.
1310 3670 1391 3735 Om-

270 3798 348 3860 nino
385 3795 558 3876 Madvigio
595 3793 697 3877 (Adv.
726 3795 806 3859 Crit.
835 3818 867 3878 p.
895 3796 991 3878 57311)
1010 3796 1259 3861 assentiendum
1285 3807 1391 3861 estet

263 3936 329 4008 per
357 3943 390 3986 se
422 3930 455 3985 et
486 3921 733 3984 coniunctivum
765 3919 974 4003 explorasset
1000 3924 1121 3996 vitiosa
1151 3945 1222 3986 esse
1254 3924 1392 3987 demon-

270 4051 397 4116 stranti.
434 4049 535 4132 Quod
566 4049 609 4112 ad
640 4048 721 4113 illud
748 4049 906 4113 mendum
931 4052 1066 4128 attinet,
1094 4072 1201 4135 neque
1228 4052 1391 4133 Madvigii

270 4179 431 4243 correctio
464 4177 532 4258 ipse
557 4178 809 4260 comprobanda
835 4188 901 4256 est,
936 4180 1015 4261 quia
1042 4180 1086 4242 ita
1111 4178 1273 4242 Suetonio
1298 4179 1392 4242 dare-

271 4328 363 4384 mus,
404 4305 497 4390 quod
533 4306 577 4368 ab
614 4307 694 4389 ipsis
730 4307 829 4369 rebus
853 4307 1033 4385 refutatur,
1062 4327 1172 4390 neque
1206 4327 1286 4369 vero
1315 4326 1391 4369 cum
1485 4353 1486 4358 η

269 4435 410 4501 Polakio
434 4435 481 4518 (ll.
507 4457 539 4518 p.
568 4451 606 4498 21
637 4435 693 4499 ubi
718 4435 814 4518 plura
838 4435 965 4520 videas)
983 4457 1027 4499 ex
1051 4434 1203 4500 Caesaris
1223 4455 1393 4498 commen-
