3254 5212
786 481 830 562 67

249 681 356 746 losam
391 681 563 747 Narcissi¹
596 685 649 749 ie.
682 681 724 748 ne
763 682 827 749 sibi
861 702 919 750 ext
932 683 1106 766 amicitia,
1128 683 1250 769 ¹quarn
1285 685 1366 752 olim

250 833 326 876 cum
351 810 510 877 Narcisso
535 813 714 894 iunxisset,
739 817 842 880 etiam
867 825 943 898 post
959 817 1033 880 eius
1055 812 1197 882 mortem
1222 805 1369 898 pericula

250 941 429 1007 oriantur''.
455 979 499 989 —
567 939 571 944 ’

298 1069 384 1136 CAP.
419 1087 473 1135 22.
526 1069 633 1150 Quasi
663 1093 778 1136 amore
808 1093 867 1136 suo
898 1073 1080 1157 deperiret.
1129 1074 1310 1136 Fluctuant
1334 1077 1372 1134 ut

252 1199 323 1264 fieri
361 1200 446 1264 solet
470 1199 603 1263 codices
628 1200 713 1264 inter
735 1220 794 1263 sue
819 1209 852 1264 et
874 1199 948 1279 sui,
973 1199 1140 1264 Torrentii
1164 1220 1243 1264 vero
1271 1197 1371 1281 plane

252 1329 409 1392 omittunt
440 1327 505 1390 hoc
536 1327 750 1391 vocabulum.
800 1327 853 1390 De
882 1336 1044 1410 perpetua
1069 1327 1263 1391 confusione
1288 1327 1371 1392 inter

242 1477 309 1520 seeo
346 1465 379 1520 et
409 1455 465 1530 sui
496 1457 562 1518 iam
595 1453 667 1519 dixi
700 1476 801 1539 supra
825 1455 876 1519 'ad
909 1455 1001 1538 Aug.
1027 1456 1102 1540 98.,
1136 1454 1195 1519 sed
1220 1454 1312 1538 quod
1338 1455 1371 1518 in

252 1583 419 1648 Torrentii
444 1584 618 1647 codicibus
643 1585 770 1647 nudum
795 1605 910 1647 amore
935 1581 1074 1667 legitur,
1100 1580 1177 1647 inde
1197 1591 1279 1666 puto
1296 1602 1370 1647 eve-

252 1713 357 1790 nisse,
391 1710 482 1793 quod
517 1713 550 1774 in
576 1711 761 1794 archetypo
791 1721 938 1777 exstaret
961 1731 1077 1776 amore
1099 1733 1133 1776 se
1157 1711 1328 1795 deperiret
1352 1718 1372 1774 a'

253 1840 396 1904 librariis
421 1861 487 1904 non
512 1840 728 1906 intellectum.
778 1843 815 1904 In
839 1841 914 1905 aliis
938 1851 1050 1906 autem
1080 1841 1314 1924 manuscriptis
1334 1839 1373 1902 li·

254 1969 322 2032 bris
356 1967 524 2054 exquisita
561 1968 646 2032 haec
689 1969 789 2036 lectio
827 1969 902 2033 loco
939 1970 1078 2034 cessisse
1126 1969 1208 2033 mihi
1241 1967 1373 2033 videtur

253 2096 350 2160 tritae
374 2086 489 2157 amore
517 2114 586 2160 sue.
614 2094 665 2161 Cf.
691 2096 811 2161 Baehr.
838 2095 881 2159 ad
908 2095 981 2161 Cat.
1009 2111 1070 2178 35,
1101 2114 1139 2161 12
1174 2095 1292 2178 „illum
1316 2094 1374 2160 de·

253 2224 340 2306 perit
372 2224 556 2304 impotente
588 2223 724 2287 amore'’
758 2261 802 2272 -
835 2239 899 2305 45,
940 2238 977 2305 5;
1017 2241 1098 2304 100,
1133 2241 1164 2289 2.
1196 2261 1240 2272 ·-
1265 2222 1372 2292 Plaut.

254 2351 335 2420 cist.
362 2352 394 2430 1,
424 2368 460 2432 3,
486 2369 543 2433 43.
578 2353 633 2432 „Is
658 2371 771 2415 amore
789 2352 1017 2434 proiecticiam
1036 2352 1128 2416 illam
1146 2351 1311 2436 deperit''.
1326 2383 1370 2402 -

301 2605 387 2671 CAP.
414 2623 455 2688 23
483 2605 528 2689 (p.
556 2621 641 2688 235,
677 2608 740 2689 13).
790 2607 909 2688 „Vae”
936 2606 1051 2690 inquit
1075 2616 1178 2690 „puto
1203 2607 1283 2672 deus
1300 2605 1373 2694 fi0’'

256 2734 288 2795 in
313 2731 470 2797 Salmasii
495 2732 612 2796 codice
635 2742 809 2798 exaratum
827 2744 895 2812 est,
921 2756 960 2797 ve
978 2736 1010 2797 in
1028 2735 1151 2801 Medic.
1171 2753 1258 2817 2.3.,
1274 2735 1375 2818 vulgo

254 2871 365 2926 autem
390 2861 551 2927 traditum
576 2871 627 2926 est
651 2872 707 2940 ret,
734 2884 794 2946 pro
812 2885 880 2945 quo
897 2884 1076 2946 reposuere
1093 2863 1283 2929 Gronovius
1296 2885 1374 2944 nae,

256 2977 465 3054 Burmannus
500 3000 549 3056 at.
599 2989 667 3054 Sed
705 3012 913 3073 quamquam
938 2993 1121 3057 acutissimi
1148 2993 1194 3056 illi
1219 2993 1279 3056 viri
1306 2994 1375 3056 iure

255 3119 414 3200 suspicati
446 3129 523 3183 sunt
555 3117 714 3182 mendum
747 3119 821 3183 loco
856 3120 1045 3199 inhaerere,
1078 3129 1289 3184 tamennon
1315 3140 1376 3203 pro

256 3266 347 3310 more
383 3267 443 3311 suo
480 3257 673 3330 corruptum
708 3247 910 3312 vocabulum
947 3256 1036 3312 recte
1072 3248 1256 3311 correxisse
1293 3247 1375 3311 mihi

254 3374 417 3442 videntur.
1240 3371 1242 3374 ¹

301 3503 448 3566 Primum
484 3501 765 3584 significationem
803 3502 1039 3568 interiectionis
1076 3523 1138 3567 uae
1169 3511 1374 3569 statuamus:

255 3638 305 3696 est
340 3631 496 3695 nimirum
531 3641 590 3696 aut
622 3631 836 3714 imprecantis
869 3641 927 3696 aut
960 3632 1147 3696 miserantis
1172 3631 1305 3714 (Baehr.
1331 3630 1374 3696 ad

256 3757 328 3824 Cat.
364 3760 402 3838 8,
442 3772 492 3839 15.
528 3757 593 3837 64,
631 3757 726 3842 196),
761 3778 904 3842 quorum
938 3768 1091 3824 neutrum
1125 3759 1191 3823 huc
1221 3759 1374 3844 quadrat.

234 3923 237 3930 ·
256 3887 345 3952 Nam
371 3888 462 3972 quod
488 3888 662 3953 Ernestius
683 3889 728 3952 ibi
746 3889 895 3972 leporem
913 3890 1095 3973 quaesivit,
1121 3889 1214 3971 quod
1231 3888 1376 3954 dolentis

255 4035 338 4079 voce
364 4024 510 4080 uteretur
534 4015 762 4099 Vespasianus
787 4017 818 4079 in
845 4037 899 4095 re,
926 4017 1064 4100 quaesi
1090 4017 1226 4098 proprie
1250 4014 1376 4079 dicere·

255 4152 325 4220 tur,
355 4143 496 4208 felicitas
521 4152 627 4223 esset,
654 4164 720 4208 non
746 4145 792 4208 ita
816 4143 966 4226 lepidum
992 4143 1074 4206 mihi
1099 4142 1245 4222 videtur,
1267 4163 1376 4227 neque

256 4271 431 4334 convenire
456 4272 574 4337 ceteris
599 4291 686 4355 quae
710 4272 766 4335 hic
791 4281 1106 4338 commemorantur.
1137 4271 1251 4354 Quare
1275 4273 1377 4336 etiam

255 4418 318 4462 nae
343 4408 453 4480 etat,
489 4407 604 4481 utpote
629 4393 719 4489 [satis
745 4397 866 4480 frigida
900 4401 1047 4483 recipere
1077 4399 1191 4465 nolim.
1241 4397 1309 4464 Sed
1334 4419 1378 4462 ex

1205 4560 1233 4595 *r
