3254 5212
742 513 884 606 ὅς’

202 727 321 789 Dionis
353 737 430 790 sunt
453 721 508 788 τὸν
532 723 600 789 θέον
625 719 818 790 statianum*
848 733 901 806 τῆς
921 717 1043 806 ‘Prinna
1071 727 1100 798 ἐς
1130 723 1185 790 τόν
1208 729 1327 794 ἐκείνου

201 849 317 916 κόλπον
345 849 578 936 ἐμβεβληκέναι.
628 872 683 936 45.
726 875 754 920 1.
793 866 827 919 et
862 874 893 921 2.
931 878 1028 950 quae
1053 858 1166 940 capita
1201 880 1325 942 operae

201 983 344 1064 pretium
369 982 467 1044 suerit
491 1003 567 1044 cum
592 981 753 1046 Suetonio
784 1002 1008 1065 componere,
1035 985 1123 1047 unde
1147 988 1325 1068 apparebit

201 1120 372 1173 auctorem
404 1111 597 1173 Romanum
622 1131 642 1172 a
667 1110 777 1172 Dione
814 1109 944 1173 Graece
975 1111 1042 1173 sere
1069 1132 1203 1176 versum
1239 1135 1321 1179 esse.

201 1237 279 1300 Non
304 1237 429 1300 diutius
446 1238 546 1317 igitur
571 1236 793 1300 dubitandum
819 1247 882 1314 est,
909 1239 990 1319 quin
1007 1247 1119 1302 nostro
1144 1241 1325 1306 reddamus

200 1373 301 1444 atque
326 1363 362 1425 iri
389 1362 460 1425 eius
483 1363 594 1425 sirium
623 1363 758 1446 sz'gimm
782 1364 909 1426 Romae
937 1363 1029 1445 quod
1048 1385 1152 1427 rnanu
1171 1377 1328 1449 gestaret

198 1492 392 1573 reposuisse.

245 1619 299 1680 De
323 1618 387 1682 dea
413 1620 525 1681 Roma
550 1619 592 1682 cl.
618 1619 741 1682 Preller
767 1620 809 1682 R.
837 1619 872 1680 M
898 1620 928 1680 II
958 1633 1026 1699 354
1054 1619 1088 1683 ff.
1115 1657 1160 1667 —

244 1873 330 1936 CAP.
356 1875 412 1956 98.
439 1875 484 1955 (p.
512 1875 566 1954 83.
595 1873 662 1956 27).
710 1871 795 1934 Mor
818 1872 1001 1955 Neapolim
1026 1874 1183 1951 traiecit,
1205 1895 1321 1958 priam·

200 2023 300 2086 quam
337 2001 442 2062 eiiam
482 2010 553 2063 tum
591 2000 749 2083 infirmis
785 1999 959 2063 intestinis
995 2002 1110 2064 morbo
1142 2003 1325 2078 varz'ante‚·

200 2139 312 2191 tamen
334 2149 403 2210 eqs.
454 2129 491 2190 In
516 2127 672 2190 omnibus
697 2147 774 2187 cum
797 2128 967 2189 veteribus
988 2136 1059 2190 tum
1086 2131 1324 2192 recentioribus

200 2254 403 2318 editionibus
429 2253 571 2317 eandem
598 2254 898 2336 interpunctionem
925 2254 1055 2329 inveni,
1082 2275 1185 2335 quam
1211 2241 1335 2317 tamen

198 2392 314 2466 utpote
334 2385 442 2445 minus
468 2392 594 2450 rectam
619 2381 700 2443 mihi
727 2381 864 2442 minime
888 2380 1021 2462 placere
1043 2381 1215 2445 confiteor.
1242 2381 1323 2445 Sue-

198 2513 309 2573 tonius
326 2511 423 2573 nobis
452 2509 620 2591 exposuit,
650 2506 823 2589 quomodo
841 2506 1016 2587 Augustus
1034 2509 1187 2588 quamvis
1206 2487 1323 2570 morbo

197 2637 364 2700 laboraret
381 2637 562 2718 Neapolim
579 2635 763 2712 traiecerit,
783 2635 897 2716 ibique
914 2642 1083 2696 certamen
1101 2634 1134 2695 in
1151 2654 1247 2696 suum
1263 2634 1322 2698 ho·

198 2785 312 2827 norem
339 2765 466 2827 editum
484 2764 526 2827 ad
548 2764 649 2826 finem
667 2782 772 2844 usque
790 2761 1059 2844 perspectaverit.
1098 2761 1205 2824 Recte
1223 2762 1323 2842 igitur

198 2912 233 2954 se
245 2892 371 2954 habent
387 2891 568 2975 Neapolim
585 2890 725 2953 traiecit
741 2909 943 2974 quamquam
958 2887 1062 2950 etiam
1082 2898 1152 2950 tum
1171 2889 1323 2974 infirmis

199 3018 370 3080 intestinis
378 3041 392 3091 ,·
411 3018 470 3080 sed
488 3017 584 3100 plura
601 3016 726 3080 addere
743 3017 880 3079 omnino
897 3037 982 3097 opus
1000 3036 1065 3078 non
1084 3025 1164 3078 erat.
1199 3015 1320 3097 Neque

197 3146 224 3208 si
260 3145 371 3206 verbis
406 3164 608 3228 quamquam
646 3162 716 3225 eqs.
750 3141 878 3222 aliquid
923 3139 1047 3203 addere
1082 3141 1204 3217 vellet,
1241 3143 1320 3204 sub·

199 3271 360 3334 iunxisset
384 3269 498 3333 niorbo
522 3269 703 3332 variante:
737 3269 790 3332 ie.
821 3268 963 3348 „morbo
996 3269 1086 3330 varie
1120 3288 1155 3330 se
1181 3270 1319 3332 manife-

197 3407 304 3461 stante
327 3406 360 3460 et
378 3398 479 3460 modo
496 3395 675 3459 crudeliter
699 3415 775 3457 eum
803 3393 988 3476 affligente,
1016 3395 1117 3458 modo
1145 3397 1317 3476 mitigate,

197 3527 242 3588 ita
267 3535 303 3588 ut
338 3524 458 3588 saltem
497 3545 556 3605 per
588 3521 727 3605 aliquod
759 3524 921 3605 temporis
957 3523 1104 3605 spatium
1143 3522 1316 3585 doloribus

196 3652 425 3717 liberaretur.’'
484 3651 578 3714 Haec
615 3653 715 3732 igitur
751 3651 842 3714 nullo
880 3650 982 3714 modo
1007 3651 1049 3714 ad
1080 3650 1316 3733 praecedentia

195 3781 282 3844 trahi
307 3788 465 3863 possunt,
503 3779 560 3841 ubi
585 3779 688 3841 verba
720 3798 924 3862 quamquam
960 3799 1031 3862 eqs.
1066 3777 1215 3842 indicant
1240 3799 1316 3841 eum
1395 3804 1396 3808 ¹

195 3909 306 3970 adhuc
330 3913 578 3988 aegrotantem
613 3925 714 3982 narn,
740 3906 768 3968 si
793 3926 870 3968 cum
903 3906 942 3968 iis
968 3906 1233 3987 coniunguntur,
1261 3905 1316 3966 hic

195 4055 310 4098 sensus
335 4033 497 4096 efficitur:
531 4032 685 4112 „traiecit
709 4052 917 4114 quamquam
942 4031 1055 4094 adhuc
1081 4033 1258 4095 laborabat
1282 4040 1316 4094 et

196 4164 296 4225 modo
310 4162 488 4224 laborabat
502 4159 604 4223 modo
623 4159 759 4223 meliore
770 4159 963 4222 valetudine
980 4157 1172 4223 utebatur.”
1188 4157 1313 4222 -Sed

195 4287 497 4372 interpungendum
511 4296 651 4366 estante
663 4285 777 4349 morbo
801 4287 980 4364 variante,
1008 4307 1075 4370 quo
1090 4287 1180 4349 facto
1202 4285 1315 4348 omnia

193 4427 283 4480 recte
307 4437 343 4479 se
380 4415 564 4477 habebunt.
614 4411 766 4477 Scilicet:
800 4414 955 4494 „traiecit
990 4433 1199 4496 quamquam
1232 4431 1313 4493 eqs;

1178 4539 1194 4604 5
