3254 5212
829 564 873 610 20

286 751 622 835 dictaresponderet
646 751 747 836 quasi
768 753 838 817 alii
861 779 905 802 -·-
932 749 1183 832 tollendumque
1208 748 1408 824 iactassent,

267 880 328 944 ‚ad
359 882 463 964 fautu
499 901 578 944 vero
612 901 668 942 nec
691 918 746 945 ,τ-
780 881 994 964 referretrrr;
1027 879 1068 942 el.
1096 899 1172 941 cum
1198 887 1311 941 nostro
1336 877 1410 960 loco

286 1007 378 1089 Aug.
411 1006 571 1089 -16.„alii
605 1007 731 1072 dictum
757 1008 951 1090 factumque
977 1007 1047 1092 eius
1072 1005 1311 1070 criminantur''
1338 1025 1408 1087 eqs.

269 1135 362 1211 ·S,ed.
379 1136 481 1198 etiam
507 1134 589 1198 alias
614 1136 659 1197 ob
685 1156 802 1197 causas
827 1156 883 1198 nec
907 1136 1036 1199 restitui
1053 1135 1165 1197 debet.
1191 1132 1282 1216 Quid
1299 1134 1409 1206 verbis

284 1261 353 1325 aliz·
376 1261 565 1324 ornandum
586 1261 838 1343 tollendumque
854 1262 1037 1326 iactassent
1055 1263 1278 1343 significetur,
1298 1261 1409 1342 colligi

285 1399 396 1471 potest
421 1411 468 1452 ex.
490 1389 632 1470 epistola
662 1390 705 1452 D.
733 1390 825 1454 Bruti
851 1390 942 1472 apud
970 1389 1040 1454 Cic.
1067 1391 1109 1454 ad
1135 1392 1231 1454 Fam.
1258 1391 1318 1453 XI.
1346 1406 1408 1466 20,
1451 1441 1471 1468 ,

291 1535 318 1580 1.
345 1537 397 1599 cp.
449 1515 537 1579 Vell.
564 1517 604 1579 ll.
631 1515 687 1580 62.
714 1485 804 1596 „hoc
828 1527 878 1580 est
903 1517 984 1580 illud
1010 1527 1161 1599 tempus,
1198 1538 1266 1599 quo
1292 1516 1409 1579 Cicero

291 1645 390 1708 insito
414 1664 536 1728 amore
568 1644 848 1725 Pompeianarum
874 1646 1039 1726 partium,
1067 1645 1246 1708 Caesarem
1272 1643 1409 1707 laudan-

259 1773 379 1836 .dunn
400 1782 433 1835 et
463 1772 651 1836 tollendum
682 1774 858 1851 censebat,
894 1794 998 1855 quum
1030 1772 1121 1835 aliud
1147 1773 1290 1849 diceret,
1317 1769 1408 1845 aliud

286 1900 426 1981 intelligi
450 1899 584 1963 vellet.''
611 1900 770 1964 Maxima·
790 1902 889 1982 igitur
915 1901 993 1962 huic
1018 1900 1109 1963 dicto
1136 1901 1220 1962 inest
1244 1900 1409 1980 ambigui-

286 2036 356 2103 tas,
382 2028 477 2090 cuius
501 2026 595 2110 lepor
619 2030 705 2109 perit
729 2028 924 2110 silegimus
951 2029 1137 2091 tollendum
1156 2050 1196 2090 ne
1213 2049 1283 2110 eqs.
1304 2026 1408 2110 (quod

258 2235 264 2248 Ι
284 2156 367 2218 nihil
399 2155 491 2218 aliud
516 2156 720 2237 significaret
744 2158 806 2219 nisi
830 2157 1084 2239 expellendum,
1111 2178 1127 2219 e
1151 2156 1260 2219 medio
1287 2155 1406 2218 tollen-

284 2283 391 2368 dum)r
419 2285 475 2348 Ex
501 2283 661 2346 Cicerone
686 2305 765 2347 vero
791 2285 850 2368 (ll.)
876 2294 970 2367 patet
986 2285 1052 2348 hoc
1068 2295 1242 2348 veteranos
1260 2284 1407 2346 maxime

285 2412 475 2494 indignatos
512 2433 600 2489 esse,
639 2413 730 2495 quod
768 2401 876 2495 neque
913 2414 1037 2477 Caesar
1074 2434 1183 2496 neque
1216 2414 1259 2476 D.
1286 2413 1406 2475 Brutus

285 2539 733 2604 innumerodecemvirum
758 2543 966 2622 agrariorum
992 2542 1046 2625 (cf.
1065 2543 1182 2624 Lange
1207 2542 1250 2605 R.
1276 2541 1321 2604 A.
1348 2540 1404 2602 llI.

285 2668 363 2750 541)
397 2667 505 2731 habiti
539 2676 666 2743 essent,
701 2687 788 2748 quae
817 2689 868 2732 res
898 2680 986 2732 certe
1020 2692 1088 2736 non
1125 2670 1203 2733 inde
1228 2678 1406 2732 consecuta

282 2803 347 2871 est,
375 2793 467 2877 quod
484 2794 540 2856 alii
559 2793 738 2858 Caesarem
756 2795 942 2859 ornandum
959 2797 1212 2879 tollendumque
1225 2817 1297 2860 esse
1311 2805 1406 2878 puta-

282 2931 408 2986 verant.
458 2920 526 2985 Sed
552 2923 691 2985 seorsim
712 2923 795 2988 haec
821 2924 888 2989 duo
914 2927 1068 3007 ponenda
1094 2935 1186 3002 sunt,
1213 2945 1323 3007 neque
1347 2944 1406 3006 per

283 3071 323 3113 ne
350 3050 435 3112 inter
458 3069 494 3111 se
519 3049 763 3130 coniungenda.
813 3051 889 3132 lpse
911 3049 1060 3133 'denique
1086 3051 1210 3114 Caesar
1235 3049 1325 3134 apud
1352 3049 1406 3112 Ci-

276 3196 438 3240 ceronem
453 3176 496 3240 ll.
520 3186 653 3242 tantum
678 3178 721 3244 de
746 3178 809 3240 hac
835 3199 869 3241 re
886 3180 1054 3261 queritur,
1081 3179 1173 3261 quod
1191 3179 1247 3240 alii
1267 3177 1405 3240 laudan-

283 3305 382 3382 dum,
421 3304 626 3381 ornandum,
663 3303 848 3368 tollendum
884 3326 920 3367 se
956 3307 1179 3383 censuissent,
1215 3307 1338 3388 quibus
1373 3307 1405 3368 in

284 3434 409 3498 malam
430 3444 560 3517 partem
585 3435 733 3516 acceptis
758 3434 937 3515 respondet
961 3455 996 3497 se
1021 3455 1088 3497 non
1112 3455 1184 3496 esse
1209 3434 1406 3498 commissu-

283 3582 356 3626 rum
390 3570 426 3624 ut
457 3560 529 3624 tolli
563 3561 678 3644 possit.
729 3561 779 3623 lbi
808 3560 909 3642 paulo
936 3561 1019 3624 infra
1044 3572 1227 3644 sequuntur
1251 3583 1338 3645 quae
1363 3563 1405 3627 de

278 3689 447 3753 veteranis
471 3689 699 3752 narrabantur.

316 3941 414 4024 Cap.
457 3958 508 4021 13.
559 3941 627 4004 Hic,
661 3960 798 4023 quoque
832 3939 949 4002 iniuria
982 3939 1129 4003 Rothius
1163 3940 1244 4003 mihi
1275 3942 1406 4006 videtur

284 4068 527 4131 Memmianum
564 4068 783 4150 praecipuum
818 4067 882 4129 sibi
920 4067 1040 4130 ducem
1078 4068 1236 4150 elegisse,
1274 4070 1405 4133 traden-

259 4206 362 4266 tem,
386 4196 455 4274 iprn
472 4249 475 4260 ,
490 4195 592 4258 istam
630 4195 806 4260 volucrum
824 4255 827 4263 ,
836 4195 918 4277 fore
946 4160 1170 4277 potestatem,
1206 4197 1258 4259 cui
1288 4219 1406 4280 quam·

281 4325 331 4388 vis
363 4325 494 4407 optime
527 4345 586 4407 per
610 4345 646 4387 se
671 4324 866 4387 dictumsit
891 4324 945 4407 (cl.
971 4331 1036 4406 eg.
1063 4325 1133 4390 Cic.
1161 4326 1193 4388 in
1220 4325 1334 4390 Vatin.
1365 4342 1403 4408 17

232 4487 235 4494 .
284 4471 350 4534 „an
383 4452 445 4516 erit
477 4451 562 4515 haec
587 4453 681 4534 optio
707 4460 740 4514 et
764 4461 914 4534 potestas
938 4451 1070 4535 tua?''>,
1097 4461 1210 4515 tamen
1227 4452 1406 4534 -vulgatam
