3254 5212
297 1968 443 2031 CAESAR
469 1969 554 2033 CAP.
583 1987 613 2050 3.
660 1969 741 2036 Cum
769 1971 902 2054 ingenio
926 1971 999 2034 eius
1014 1971 1159 2056 diffisuS,
1187 1982 1258 2036 tum
1280 1994 1372 2038 occa-

247 2097 347 2160 sione.
380 2095 437 2159 Sic
461 2097 562 2178 vulgo
588 2098 621 2160 in
642 2098 815 2160 codicibus
833 2099 971 2180 legitur,
998 2099 1090 2181 quod
1109 2085 1372 2186 Oudendorpius

248 2225 447 2288 auctoritate
483 2245 543 2288 sua
580 2228 792 2303 sustentavit,
831 2248 1038 2309 quamquam
1073 2229 1139 2290 iam
1169 2228 1371 2294 Casaubono

248 2353 340 2415 locus
368 2362 541 2435 suspectus
567 2353 638 2416 fuit.
688 2353 755 2416 Sed
781 2376 890 2437 neque
916 2355 1116 2418 Casaubono
1142 2357 1370 2421 accedendum

246 2490 296 2544 est
313 2482 468 2544 inserenti
487 2483 769 2565 praepositionem
787 2481 826 2544 de
847 2492 923 2546 ante
941 2483 1090 2566 ingenio,
1109 2504 1217 2566 neque
1235 2484 1372 2549 Ouden-

245 2610 364 2693 dorpio
402 2612 569 2692 (quamvis
606 2613 731 2694 ubique
763 2613 884 2675 summi
921 2612 982 2675 viri
1016 2612 1184 2694 ingenium
1213 2613 1370 2678 laudibus

246 2738 450 2801 efferendum
476 2739 529 2821 sit)
556 2739 734 2802 affirmanti
759 2739 898 2801 verbum
919 2738 1093 2802 diffidendi
1119 2760 1195 2802 cum
1222 2740 1369 2806 ablativo

246 2869 459 2931 coniunctum
485 2869 594 2929 bonae
618 2867 773 2928 latinitati
795 2887 867 2928 esse
882 2866 1133 2932 vindicandum.
1164 2867 1261 2950 Quae
1290 2888 1368 2934 cou-

244 2996 381 3060 structio
412 2996 513 3076 vulgo
550 2995 740 3058 defenditur
765 3016 809 3057 ex
842 2995 998 3076 analogia
1030 2997 1124 3058 verbi
1156 2995 1365 3082 confidendi,

245 3125 336 3207 quod
357 3146 434 3186 cum
452 3124 599 3186 ablativo
618 3123 832 3185 coniunctum
858 3123 1025 3204 optimum
1050 3143 1183 3185 sensum
1209 3125 1366 3207 praebet:

245 3261 294 3315 est
306 3253 462 3314 nimirum
481 3273 532 3314 res
546 3251 598 3313 cui
616 3251 751 3313 fidimus
765 3251 860 3332 quasi
878 3248 1143 3325 fundamentum,
1159 3271 1227 3332 quo
1242 3249 1366 3313 fiducia

161 3463 166 3472 ¹
243 3388 355 3442 nostra
380 3379 494 3440 nititur
504 3399 511 3452 ;
542 3377 600 3439 scd
627 3377 659 3439 in
684 3378 787 3439 verbo
812 3376 986 3440 diffidendi
1016 3377 1099 3439 haec
1124 3378 1197 3460 ipsa
1228 3377 1365 3440 ablativi

243 3507 326 3570 ratio
364 3525 424 3566 nos
453 3503 547 3585 fugit.
598 3503 665 3567 Sed
691 3514 821 3583 tamen,
854 3508 933 3588 quia
959 3506 1134 3586 analogiae
1157 3506 1208 3568 vis
1234 3506 1266 3567 iu
1294 3526 1366 3569 om-

243 3637 340 3699 nibus
365 3634 486 3715 linguis
511 3655 694 3717 permagna
712 3645 778 3712 est,
805 3635 883 3697 huic
901 3635 1117 3718 explicationi
1136 3635 1363 3716 acquiessem,

241 3765 268 3827 si
297 3783 410 3826 revera
440 3763 597 3845 exempla
622 3763 721 3825 huius
754 3764 1009 3827 constructionis
1040 3763 1238 3825 invenissem
1272 3764 1363 3845 apud

241 3893 347 3953 bonos
371 3889 544 3953 latinitatis
582 3900 735 3954 auctores
772 3912 880 3973 eaque
916 3892 1012 3954 satis·
1037 3892 1165 3954 munita
1202 3891 1356 3955 codicum

241 4018 449 4082 auctoritate.

286 4147 357 4208 Iam
382 4165 614 4208 recenseamus
640 4166 726 4227 quae
751 4145 794 4208 ad
821 4145 906 4208 hanc
936 4145 1217 4207 constructionem
1249 4144 1363 4207 defeu-

238 4273 385 4337 deudam
409 4283 647 4355 congesserunt
672 4273 840 4357 exempla.
888 4273 983 4336 Caes.
1010 4271 1089 4336 ΒΩ
1109 4273 1133 4336 Ι.
1157 4289 1196 4334 12
1224 4271 1360 4337 Ouden-

239 4401 377 4485 dorpius
402 4423 444 4464 ex
469 4401 568 4464 codd.
595 4400 700 4465 Palat.
727 4400 823 4464 Leid.
847 4401 877 4462 Il
895 4400 1021 4483 recepit
1037 4399 1166 4484 diffisus
1181 4399 1365 4482 municipii
