3254 5212
772 495 978 598 23

181 795 184 801 Ι
235 720 306 784 tali
326 742 361 784 re
394 743 452 786 usu
485 705 635 787 venerit:
664 743 731 786 non
756 723 845 786 enim
870 722 959 786 cives
983 721 1043 784 sed
1068 719 1243 803 pontifex„
1264 718 1359 782 cuius
1399 779 1400 784 ,
1436 747 1439 754 ·

235 849 396 912 arbitratu
420 849 564 932 virgines
588 870 606 913 e
635 849 762 932 populo
787 850 904 931 viginti
938 849 1136 930 legebantur
1161 868 1179 910 e
1203 867 1271 930 quo
1299 866 1358 909 nu·

236 998 327 1040 mero
352 985 469 1059 postea
492 979 622 1042 sortitio
648 978 686 1041 fit
697 978 737 1060 ¹),
773 999 829 1040 eas
855 978 887 1040 in
912 985 1036 1040 sortem
1061 974 1120 1039 dat
1153 975 1206 1040 i.e.
1233 974 1360 1038 indicat

234 1106 398 1187 virgines,
436 1126 454 1170 e
489 1107 612 1190 quibus
651 1116 740 1170 sorte
777 1106 877 1170 ducta
913 1106 1008 1187 virgo
1035 1103 1171 1168 vestalis
1195 1105 1358 1187 capiatur.

236 1230 336 1316 Quod
370 1232 454 1295 haec
489 1235 619 1298 sortitio
658 1233 769 1296 Gellio
806 1243 943 1298 auctore
975 1232 1035 1316 (ll.)
1070 1240 1186 1315 utpote
1219 1231 1359 1294 molesta

234 1379 336 1442 saepe
360 1360 486 1423 omissa
522 1360 672 1444 legisque
705 1361 830 1443 Papiae
868 1361 968 1444 (quae
992 1359 1035 1422 de
1060 1359 1124 1421 hac
1150 1379 1184 1421 re
1212 1357 1357 1440 caverat)

235 1506 294 1570 per
328 1496 482 1550 senatum
517 1490 624 1570 gratia
645 1487 734 1551 facta
762 1489 822 1565 sit,
848 1509 949 1551 causa
974 1508 1046 1551 esse
1072 1508 1137 1549 non
1162 1495 1273 1568 potest
1298 1486 1359 1548 im·

157 1689 162 1700 .
235 1613 400 1695 probandi
426 1613 604 1677 lectionem
629 1614 740 1678 daret.
775 1615 883 1677 Immo
907 1635 986 1679 vero
1003 1595 1179 1696 Augustus
1204 1615 1360 1696 antiquas

235 1743 455 1805 caerimonias
480 1743 666 1819 revocavit,
693 1750 729 1806 ut
754 1763 797 1805 ex
821 1744 931 1806 verbis
957 1745 1174 1825 sequentibus
1199 1749 1358 1825 apparet,

237 1870 350 1952 itaque
375 1890 452 1932 eum
490 1871 592 1934 etiam
617 1871 681 1932 hac
707 1871 739 1932 in
765 1891 800 1932 re
834 1871 1010 1953 antiquum
1048 1891 1174 1933 morem
1207 1877 1359 1933 secutum

235 2018 307 2060 esse
324 2019 385 2080 par
401 2007 461 2062 est.
481 2034 524 2044 -
551 1996 736 2060 Verissima
755 1997 856 2079 igitur
871 2007 922 2062 est
945 1999 1044 2062 lectio
1061 1998 1188 2062 codicis
1205 1998 1359 2062 Hulsiani

234 2124 345 2189 duret.
396 2125 493 2189 Cives
517 2146 597 2189 vero
623 2126 708 2188 filias
733 2147 809 2189 suas
830 2127 991 2210 offerunt,
1018 2126 1110 2209 quod
1135 2126 1241 2190 habes
1259 2125 1359 2190 Gellii

235 2252 309 2318 loco
334 2262 368 2318 et
392 2253 482 2338 apud
508 2253 591 2318 Tac.
617 2253 707 2318 Ann.
733 2255 774 2318 ΙΙ.
801 2254 856 2318 86.
882 2253 926 2302 ’-

282 2512 367 2577 CAP.
388 2529 441 2594 32.
480 2512 535 2574 Ex
552 2510 748 2574 Memmiani
774 2510 915 2574 lectione
927 2509 1165 2594 grassaturad
1185 2509 1360 2592 dispositis

234 2661 299 2704 non
316 2660 393 2702 cum
417 2639 583 2703 Salmasio
611 2639 822 2701 efficiendum
844 2648 915 2701 erat
932 2648 1162 2721 grassaturas
1185 2638 1244 2701 sed
1255 2657 1357 2720 gras·

233 2779 408 2846 satnrarn,
435 2768 649 2851 quodetiam
674 2767 866 2848 Madvigius
890 2767 1124 2845 commendat,
1151 2776 1253 2849 atque
1270 2767 1358 2830 insu-

234 2917 293 2978 per
318 2897 482 2960 invenitur
507 2897 539 2958 in
565 2896 682 2959 codice
708 2895 876 2959 Gudiano.

277 3151 363 3215 CAP.
403 3166 457 3231 37.
507 3150 542 3214 Si
580 3150 726 3213 Rothius
762 3150 944 3213 editionem
979 3169 1073 3212 suam
1108 3149 1356 3211 commentariis

231 3278 457 3354 instruxisset,
489 3277 566 3340 inde
590 3278 767 3341 resciscere
800 3297 990 3359 possemus,
1017 3285 1128 3338 utrum
1154 3276 1256 3337 etiam
1281 3276 1356 3338 aliis

230 3406 311 3469 locis
337 3406 514 3467 invenisset
539 3405 754 3486 quotiensque
778 3404 969 3467 adhibitum
994 3425 1055 3486 pro
1076 3403 1357 3487 quotienscunque

229 3554 344 3598 necne.
394 3530 496 3616 Quod
513 3541 626 3594 tamen
651 3530 835 3608 addubito,
862 3547 970 3612 neque
996 3529 1067 3594 Cal.
1092 3548 1123 3612 7.
1141 3531 1357 3613 quotiensque

229 3661 309 3725 satis
334 3658 567 3753 confirmatum
585 3667 645 3720 est.
682 3656 900 3739 Quamquam
926 3677 1110 3741 pronomen
1135 3655 1275 3738 quisque
1294 3676 1355 3738 pro

229 3787 417 3871 quicunque
453 3759 624 3867 usurpavit
656 3784 811 3847 archaica
837 3784 983 3848 latinitas
1009 3784 1110 3868 (velut
1142 3784 1249 3847 Plaut.
1281 3784 1353 3848 Mil.

232 3916 307 3980 160.
341 3915 431 3977 Men.
466 3914 563 3997 717),
590 3913 655 3976 hoc
680 3913 763 3976 nihil
787 3913 898 3976 valere
923 3922 1035 3996 potest
1058 3913 1101 3975 ad
1127 3913 1351 3994 comproban-

228 4051 311 4113 dum
337 4041 496 4125 loquendi
522 4061 619 4103 usum
644 4039 898 4103 Suetonianum.
936 4040 1111 4102 Praeterea
1137 4039 1353 4120 quotiensque

229 4176 293 4240 hac
325 4170 463 4256 quidem
488 4167 733 4249 significatione
751 4186 916 4249 nusquam
943 4167 1088 4231 invenire
1108 4167 1215 4250 potui.
1255 4166 1350 4231 Cete-

261 4465 282 4524 1)
318 4459 387 4511 Gell.
405 4460 425 4510 Ι.
446 4474 485 4512 12.
