3254 5212
786 604 825 670 Ι9

209 845 210 848 ,
245 787 352 865 tivuS,
380 766 470 873 quod
498 786 603 852 habes
629 791 719 873 apud
734 789 816 875 Hor.
844 790 909 873 Ep.
924 791 973 868 II,
1004 808 1054 874 19.
1069 771 1141 856 cic.
1155 791 1198 856 de
1210 792 1299 876 Rep.
1313 794 1364 872 11,

246 933 306 996 34,
333 926 392 980 aut
414 917 560 1000 denique
582 905 702 1000 utpote
726 919 870 982 technici
896 918 1027 981 termini
1062 940 1082 982 a
1107 920 1277 987 communi
1302 941 1364 983 usu

244 1044 373 1107 alienae
397 1054 491 1122 sunt,
523 1055 559 1109 ut
583 1032 842 1127 e.g..edlatt'va,
869 1044 1095 1127 imperativa
1121 1045 1295 1130 (auspicia)
1321 1045 1364 1109 de

245 1173 367 1254 quibus
392 1173 434 1237 cf.
460 1171 553 1237 Serv.
575 1173 619 1236 ad
648 1172 750 1255 Verg.
781 1173 869 1238 Aen.
895 1172 962 1250 VI,
1005 1161 1080 1255 190.
1106 1210 1151 1222 -
1177 1173 1225 1238 Ut
1250 1173 1365 1257 aliqua

244 1299 401 1382 exempla
433 1299 591 1378 afferam,

289 1426 517 1509 suppositivus
611 1429 713 1515 PrIsc.
739 1428 830 1494 VIII.
861 1445 936 1493 102.
963 1426 1090 1491 XVIII.
1118 1427 1173 1493 88.

167 1620 170 1626 ,
276 1555 578 1619 *commendativus
613 1557 714 1620 Prisc.
741 1557 784 1621 V.
811 1572 866 1637 72.
888 1557 1002 1655 (casus
1028 1577 1056 1620 c.
1074 1572 1124 1612 ἐ
1150 1553 1306 1639 dativus).

290 1661 468 1745 additions
616 1684 716 1747 Prisc.
732 1675 842 1747 XVII.
862 1684 1058 1767 (pronomen
1076 1683 1131 1768 a),
1147 1702 1235 1766 quae
1253 1683 1366 1745 omnia

244 1831 352 1892 aeque
384 1821 427 1872 ac
453 1810 684 1899 translaticias
708 1811 852 1874 activam
878 1809 1003 1874 habent
1027 1810 1307 1892 significationem
1333 1817 1366 1873 et

245 1937 313 2000 sere
337 1958 397 2020 per
421 1939 638 2024 Participium
663 1939 823 2002 Praesens
848 1937 943 2001 reddi
970 1945 1119 2020 possunt.

201 2115 202 2120 κ
273 2066 587 2136 ,commendaticias
611 2066 716 2130 habes
733 2066 823 2149 apud
843 2039 912 2130 Cic.
927 2067 970 2129 ad
983 2067 1060 2130 Div.
1074 2066 1117 2129 V.
1135 2080 1150 2146 5
1168 2065 1310 2148 (litterae
1323 2066 1365 2148 c.)

366 2260 369 2269 ,
780 2192 850 2258 Cic.
876 2193 973 2257 Verr.
1000 2194 1058 2258 IV.
1085 2193 1141 2258 66.
1384 2253 1390 2266 ,

259 2352 262 2360 v
289 2321 479 2387 additicius
512 2321 599 2386 Cels.
627 2323 659 2385 in
684 2320 841 2385 Pandect.
869 2322 964 2386 XVI.
991 2323 1045 2406 98,
1061 2321 1197 2405 (mensis
1222 2321 1266 2400 a.)
1284 2319 1367 2384 Ter·

527 2449 598 2513 tull.
626 2449 668 2512 de
693 2469 811 2511 resurr.
841 2469 930 2512 carn.
960 2462 1013 2527 52.

193 2591 195 2598 ’
289 2578 389 2642 Unde
412 2585 553 2660 apparet
577 2577 679 2638 etiam
703 2575 1003 2639 commendaticias
1023 2577 1133 2640 activo
1154 2597 1252 2641 sensu
1274 2597 1367 2641 usur·

241 2705 328 2790 pari,
367 2712 403 2766 ut
438 2724 481 2766 ex
514 2703 680 2768 contrario
712 2702 885 2766 ablativus
910 2703 1053 2786 passivo.
1105 2703 1239 2767 Certam
1264 2704 1365 2785 igitur

144 2922 147 2926 Ι
240 2832 390 2913 regulam
420 2831 463 2894 de
495 2829 740 2912 significatione
774 2831 905 2895 diversa
933 2834 1111 2895 verborum
1137 2832 1170 2894 in
1190 2799 1283 2895 ...ivus
1309 2840 1367 2894 aut

241 2959 273 3021 in
299 2958 397 3020 -icius
422 2957 641 3021 formatorum
667 2967 813 3022 statuere
838 2979 903 3022 non
929 2979 1116 3042 possumus.
1149 2957 1225 3020 Hoc
1249 2966 1364 3034 autem

242 3085 325 3148 mihi
358 3085 561 3149 diiudicasse
592 3086 709 3149 videor
740 3087 829 3149 vitae
863 3086 1052 3149 cotidianae
1077 3084 1155 3148 stiio
1181 3084 1306 3147 formas
1331 3085 1363 3147 in

239 3213 330 3276 -ivus
354 3212 480 3276 alienas
506 3212 574 3276 fere
598 3233 671 3275 esse
696 3222 798 3295 atque
821 3214 875 3276 hic
893 3213 984 3277 nullo
1003 3212 1104 3277 modo
1122 3211 1223 3274 scribi
1240 3211 1364 3274 debere

240 3339 487 3403 translativum
506 3340 564 3403 sed
592 3339 795 3405 treliticirrs.
815 3379 859 3388 -
876 3341 918 3404 cf.
937 3340 1079 3404 Kuhner
1096 3339 1195 3404 Ausi.
1210 3338 1362 3404 Gramm.

239 3469 359 3551 1670.
386 3467 465 3549 674.

285 3724 371 3792 CAP.
404 3740 453 3786 12.
503 3721 722 3805 Quamquam
747 3723 939 3805 conspirant
964 3723 1045 3789 Mss.
1073 3725 1106 3788 in
1131 3723 1196 3787 hac
1221 3722 1363 3786 lectione

237 3873 277 3914 ne
307 3860 370 3914 aut
399 3848 469 3913 sibi
499 3858 562 3912 aur
589 3848 762 3912 veteranis
779 3861 850 3932 par
870 3851 996 3934 gratia
1014 3852 1225 3935 referretur,
1250 3859 1363 3914 tamen

237 4001 313 4043 cum
347 3976 590 4060 Oudendorpio
625 3985 657 4039 et
691 3975 827 4039 Wolffio
858 3978 929 4040 sine
958 3977 1026 4040 ullo
1051 3963 1361 4062 dubio'Iegendum

237 4116 287 4170 est
320 4125 376 4168 ezec
401 4125 492 4186 eqs‚
524 4103 615 4185 quod
642 4105 904 4186 comprobarunt
928 4104 1359 4189 Baumgarten-Crusius,

235 4234 403 4298 Polakius.
438 4234 606 4315 Imprimis
638 4253 718 4296 vero
751 4233 924 4296 Ernestius
948 4254 1019 4296 rem
1045 4254 1106 4296 acu
1131 4233 1256 4316 tetigit,
1283 4254 1360 4296 curn

237 4363 366 4426 monuit
406 4361 605 4426 Suetonium
647 4381 707 4443 pro
749 4381 841 4423 more
876 4381 937 4424 suo
974 4381 1139 4424 summam
1176 4363 1361 4425 sententiae

235 4509 459 4571 praeponere,
494 4488 651 4570 exempla
684 4487 814 4570 singula
846 4489 1060 4569 subnectere,
1096 4491 1142 4553 ita
1175 4499 1211 4553 ut
1236 4489 1291 4552 hic
1316 4488 1359 4552 ad

1207 4599 1242 4662 2*
