3254 5212
811 547 854 610 50

269 736 433 816 scriptura
465 735 507 796 de'
542 734 743 817 Cleopatrae
766 746 936 819 expuncta
960 739 1208 820 praepositione
1232 735 1394 800 Suetonio

269 861 392 924 reddo:
418 862 523 924 etiam
553 861 735 944 Cleopatra
759 864 831 925 eires
859 865 942 947 (pete)
970 864 1088 926 liberis
1112 885 1181 946 eqs.
1268 867 1274 876 '

317 989 418 1072 Quod
445 991 564 1053 eodem
591 993 701 1073 capite
726 993 828 1073 paulo
854 993 937 1054 infra
962 1013 1005 1054 ex
1031 993 1226 1053 Memmiani
1252 993 1393 1054 lectione

269 1120 396 1200 repetit
420 1119 496 1181 alia
521 1118 712 1182 Schefserus
734 1119 845 1181 effecit
861 1119 1008 1199 repetita
1025 1117 1154 1193 Italia,
1181 1119 1393 1201 Rothiusque

270 1247 523 1329 comprobavit,
551 1246 584 1308 id
610 1256 679 1308 tam
705 1246 750 1308 ob
775 1247 938 1308 rationem
955 1246 1272 1329 palaeographicam
1291 1267 1392 1328 quam

271 1385 408 1455 propter
441 1375 639 1436 sententiam
673 1374 770 1436 facile
798 1375 1045 1437 demonstratur
1070 1374 1283 1436 salsissimum
1308 1394 1390 1436 esse.

271 1500 337 1562 Hic
351 1521 487 1582 quoque
501 1501 776 1564 Vindobonensis
789 1504 917 1584 primus
929 1523 1042 1565 veram
1057 1503 1233 1564 lectionem
1246 1502 1390 1564 Italiam

270 1629 414 1690 servavit
440 1628 493 1710 (cf.
521 1648 574 1690 me
599 1629 642 1691 ad
668 1629 759 1710 Aug.
788 1633 856 1710 13),
883 1651 961 1692 nam
985 1651 1028 1692 ex
1050 1631 1159 1692 verbis
1176 1631 1301 1710 repetit
1317 1631 1390 1691 alia

270 1777 335 1818 non
362 1757 423 1816 nisi
444 1755 569 1835 repetit
587 1755 753 1838 italiam)
771 1759 944 1820 restituere
962 1778 1157 1838 possumuS,
1183 1779 1390 1839 quamquam

269 1882 531 1964 Oudendorpius
564 1882 712 1964 allegans
746 1886 848 1946 etiam
882 1885 1049 1966 syllabam
1076 1885 1127 1946 ita
1153 1886 1308 1947 excidere
1332 1907 1391 1966 po-

268 2013 370 2074 tuisse
403 2011 561 2092 praetulit
593 2031 693 2092 supra
719 2022 940 2073 memoratum
966 2013 1114 2093 repetita
1146 2013 1269 2090 italia,
1303 2035 1390 2094 quae

267 2142 294 2202 si
331 2139 507 2220 archetypi
544 2139 643 2201 lectio
679 2151 782 2215 esset,
822 2162 881 2222 per
917 2141 1198 2223 haplographiam
1235 2153 1391 2222 corrupta

268 2278 353 2329 esset
379 2269 410 2328 in
436 2267 583 2349 repetita
610 2267 671 2329 lia.

314 2395 382 2458 Sed
414 2396 498 2458 haec
524 2397 589 2457 iam
616 2397 803 2472 mittamus;
833 2407 1040 2478 quantopere
1065 2399 1166 2459 etiam
1191 2400 1389 2460 sententiam

267 2525 375 2607 ipsam
411 2524 659 2586 obstrueremus
683 2523 845 2587 Schefseri
872 2525 1075 2587 correctione
1109 2526 1259 2607 recepta!
1292 2546 1391 2604 „cum

266 2653 464 2734 recepisset,
490 2652 643 2715 turbatus
668 2654 808 2728 nuntiis,
828 2654 1031 2732 —repetita
1052 2653 1165 2728 Italia,
1191 2663 1391 2732 tempestate

266 2779 498 2842 conflictatus’'
536 2782 731 2861 (sequuntur
763 2781 830 2842 duo
863 2780 1000 2842 ablativi
1036 2780 1192 2858 absoluti)
1229 2799 1313 2856 „nec
1347 2817 1390 2824 —

268 2917 495 2970 commoratus
520 2944 563 2952 -
590 2906 788 2988 Aegyptum
815 2905 931 2986 petit''.

312 3162 397 3226 CAP.
437 3165 487 3225 18.
538 3164 642 3225 Miror
675 3165 842 3225 neminem
876 3161 986 3224 adhuc
1013 3163 1043 3223 in
1068 3163 1171 3223 verbo
1198 3161 1393 3225 subiecisset

265 3292 462 3368 offendisse,
488 3291 580 3372 quod
590 3290 757 3384 'latinitati
775 3291 942 3352 adversari
961 3311 1076 3351 omnes
1095 3291 1175 3352 mihi
1194 3292 1389 3353 concedent.

266 3418 350 3501 Quis
374 3421 469 3481 cuius
493 3418 598 3479 oculis
623 3439 744 3498 corpus
769 3417 957 3480 Alexandri
977 3418 1091 3497 Magni
1110 3419 1274 3480 subiecit?
1301 3419 1390 3480 Num

267 3547 472 3611 Octavianus
498 3548 568 3627 ipse
593 3547 698 3608 oculis
723 3548 790 3608 suis
816 3546 957 3607 subicit?
996 3546 1102 3606 Immo
1126 3567 1203 3607 vero
1231 3548 1392 3609 subicitur

267 3678 339 3738 eius
374 3675 479 3737 oculis
516 3696 535 3736 a
572 3675 710 3737 custode
747 3674 871 3755 alique.
912 3671 1024 3752 Quare
1057 3672 1132 3734 coll.
1165 3673 1237 3736 Liv.
1265 3674 1399 3763 11169„

269 3802 415 3865 XXVII.
444 3800 487 3862 26
517 3821 647 3862 mecum
673 3803 819 3881 corrigas
845 3800 956 3861 locum
973 3800 1150 3862 scribendo
1168 3801 1390 3865 subiecisseat.

316 4055 401 4119 CAP.
421 4070 475 4135 25.
525 4055 695 4119 Eos-sub
716 4056 838 4137 priore
862 4055 991 4118 vexilla
1011 4055 1141 4117 leabae‘t.
1181 4055 1391 4138 Quocunque

270 4183 372 4247 modo
424 4185 620 4265 interpretes
663 4183 767 4264 prius
808 4183 975 4246 vexillam
1022 4183 1200 4246 defendere
1240 4184 1390 4260 student,

269 4310 389 4374 frustra
414 4319 499 4373 sunt.
527 4310 616 4372 Nam
642 4331 750 4391 neque
769 4310 890 4392 priore
915 4311 1083 4391 explicare
1108 4311 1186 4372 licet
1202 4311 1391 4392 perprimo

269 4439 342 4502 acie
373 4438 554 4515 collecata,
588 4460 695 4521 neque
721 4437 897 4519 perhibere
923 4459 980 4500 eos
1006 4440 1176 4501 libertinos
1203 4439 1269 4501 iam
1295 4448 1392 4501 antea
