3254 5212
782 543 862 647 59⁴

209 741 376 828 “verbum
405 766 499 829 alias
523 777 635 831 nostro
658 763 736 831 'loco
761 767 935 845 desidero,
962 789 1065 850 quare
1091 788 1151 850 pro
1175 767 1260 829 aliis
1284 767 1361 829 scri-

241 893 386 956 bendum
423 916 495 958 esse
531 906 613 979 puto
650 896 757 972 alias,
796 897 887 978 quod
925 898 1052 979 optime
1085 895 1361 978 praecedentibus

239 1023 348 1084 verbis
383 1017 565 1088 Decembri
588 1044 695 1087 mense
720 1024 910 1105 opponitur.
931 1061 974 1070 -
996 1024 1170 1085 Praeterea
1197 1024 1228 1084 in
1255 1023 1361 1102 prima

239 1153 420 1214 sententiae
442 1163 536 1233 parte
554 1154 690 1215 omnino
708 1173 816 1214 sermo
835 1173 899 1213 non
918 1153 978 1213 fuit
997 1152 1039 1212 de
1057 1151 1148 1212 festis
1166 1149 1361 1230 profestisve

240 1278 374 1355 diebus;
412 1279 496 1342 aliis
532 1282 631 1361 igitur
668 1302 733 1342 non
759 1281 954 1361 habetque
980 1301 1014 1340 se
1040 1279 1169 1340 referat.
1197 1277 1263 1340 Sed
1290 1287 1360 1339 tan-

240 1413 310 1467 tum
347 1407 411 1468 hoc
447 1417 559 1470 noster
597 1429 729 1471 narrare
767 1410 872 1470 voluit
900 1407 1093 1488 Augustum
1125 1383 1359 1488 praeterquam

239 1532 418 1596 Decembri
445 1556 557 1597 mense
583 1537 664 1598 alias
689 1557 825 1618 quoque
851 1535 965 1598 ludere
988 1534 1122 1597 solitum
1141 1553 1230 1607 esse,
1259 1531 1361 1612 idque

239 1669 307 1721 tam
334 1661 424 1723 festis
450 1683 553 1743 quam
579 1663 734 1745 profestis
760 1663 888 1724 diebus¹
983 1681 984 1684 ’

287 1785 371 1848 Cum
391 1789 429 1850 iis
447 1811 533 1870 quae
559 1789 635 1851 hinc
661 1792 820 1852 docemur
837 1790 879 1850 de
896 1789 1086 1869 voluptate,
1114 1806 1216 1868 quam
1236 1785 1359 1849 Caesar

239 1915 446 1994 percipiebat
491 1938 509 1978 e
546 1916 619 1978 lusu
658 1918 835 1992 aleatori0,
869 1924 939 1977 arte
977 1915 1133 1976 cohaeret
1171 1914 1361 1975 emendatio

240 2061 341 2121 quam
375 2046 604 2126 propositurus
637 2065 720 2105 sum.
772 2044 808 2104 ln
847 2044 911 2104 fine
949 2043 1047 2102 huius
1077 2042 1196 2122 capitis
1223 2061 1264 2102 ex
1290 2039 1361 2101 Au-

240 2172 327 2248 gusti
365 2171 407 2232 ad
446 2171 550 2233 filiam
580 2165 696 2234 litteris
732 2172 833 2232 verba
871 2178 1038 2253 ponuntur
1075 2169 1241 2245 ,denarios
1278 2187 1361 2247 quos

239 2293 376 2379 singulis
402 2302 548 2362 convivis
565 2285 750 2375 dederam,
778 2302 804 2362 si
829 2300 952 2361 vellent
970 2301 1054 2360 inter
1070 2319 1105 2359 se
1123 2299 1206 2358 inter
1223 2317 1360 2358 caenam

238 2427 289 2487 vel
314 2425 390 2489 talis
414 2428 466 2488 vel
493 2449 552 2509 par
578 2430 685 2508 impar
711 2425 846 2487 ludere.’
885 2427 946 2488 Est
964 2445 1043 2486 sane
1061 2444 1183 2504 magna
1202 2425 1361 2504 principis

241 2555 428 2634 benignitas
454 2574 532 2634 erga
558 2554 731 2628 convivaS,
759 2553 816 2614 sed
843 2573 907 2615 non
933 2562 1058 2615 temere
1079 2573 1118 2614 ac
1135 2554 1205 2614 sine
1222 2552 1361 2614 consilio

238 2691 295 2742 aut
320 2683 467 2743 convivis
492 2659 646 2742 denarios
671 2680 773 2755 dedit,
802 2690 858 2742 aut
872 2650 960 2761 'quos
978 2681 1193 2760 perdiderant
1210 2681 1361 2755 restituit,

237 2829 351 2870 verum
377 2809 446 2869 sine
472 2808 591 2883 dubio,
619 2817 654 2869 ut
679 2809 840 2870 haberent
866 2830 933 2889 quo
951 2830 1063 2870 secum
1082 2810 1197 2871 ludere
1215 2817 1359 2890 possent.

238 2934 338 3016 Quod
376 2955 418 2996 ex
456 2935 494 2995 iis
532 2955 618 3014 quae
657 2936 702 2996 ibi
729 2936 933 3016 praecedunt
959 2937 1032 2999 luce
1058 2938 1179 2999 clarius
1209 2946 1358 3018 apparet.

240 3061 340 3123 Salva
380 3061 478 3140 igitur
512 3063 674 3124 sententia
712 3064 789 3137 erit,
829 3065 854 3122 si
895 3083 1025 3124 mecum
1062 3064 1163 3125 verba
1205 3064 1296 3124 inter
1330 3082 1362 3122 se

241 3189 369 3250 uncinis
396 3188 575 3250 incluseris.
627 3189 716 3250 Nam
754 3199 790 3250 ut
827 3191 943 3271 paucis
981 3210 1068 3270 quae
1098 3190 1237 3250 disserui
1270 3209 1361 3250 com-

239 3316 381 3396 plectar:
408 3315 489 3396 quid
509 3315 572 3377 hoc
591 3315 633 3377 ad
656 3315 868 3398 Augustum,
896 3326 1006 3379 utrum
1032 3319 1191 3379 convivae
1218 3318 1307 3378 inter
1327 3337 1360 3377 se

239 3443 389 3506 luderent
415 3445 538 3504 necne?

287 3699 371 3762 CAP.
408 3701 461 3776 84.
512 3700 686 3762 Sermones
711 3737 754 3746 —-
777 3701 913 3763 nonnisi
946 3701 1090 3782 scriptos
1121 3710 1154 3761 et
1189 3721 1206 3760 e
1243 3699 1358 3763 libello

238 3826 390 3890 habebat.
453 3827 594 3889 Codices
629 3829 820 3907 conspirant
857 3831 888 3889 in
925 3791 1070 3890 lectione
1101 3826 1258 3909 scriptis,
1297 3827 1358 3888 nisi

238 3951 329 4032 quod
355 3950 444 4014 Cort.
472 3950 574 4014 habet
598 3952 743 4033 scriptos
767 3974 786 4014 a
811 3953 1003 4016 Burmanno
1030 3956 1185 4017 Ernestio
1207 3974 1361 4035 compro·

238 4078 364 4138 batum.
415 4076 482 4138 Sed
507 4077 588 4157 quid
615 4087 665 4140 est
688 4099 852 4140 sermones
883 4080 1026 4161 scriptos
1055 4080 1222 4142 babebat?
1272 4079 1358 4142 Nus-

239 4223 341 4285 quam
367 4214 454 4267 certe
480 4203 563 4266 haec
584 4206 685 4267 verba
703 4205 868 4282 indicant,
895 4206 987 4286 quod
1005 4215 1117 4268 nostro
1146 4206 1220 4268 loco
1250 4209 1358 4287 requi-

238 4334 339 4395 rimus
356 4353 400 4394 sc.
428 4332 467 4393 de
490 4333 627 4413 scripto.
679 4334 795 4414 Longe
830 4334 919 4396 aliud
947 4343 996 4396 est
1021 4334 1112 4415 quod
1143 4333 1212 4397 Cic.
1263 4334 1358 4397 Verr.

238 4459 296 4522 IV.
326 4458 368 4538 56
394 4461 439 4522 ait
478 4480 590 4540 ‚quam
621 4460 714 4524 multi
742 4458 783 4520 de
809 4461 872 4522 hac
897 4482 932 4524 re
957 4461 1117 4542 scriptum
1143 4461 1357 4547 reliquerint’‚
