3254 5212
772 550 793 613 9

220 732 332 797 alicui
365 734 450 796 dota
486 735 536 817 (ut
559 734 970 817 Baumgarten--Crusius
999 734 1263 818 interpretatur);
1290 735 1340 798 sin

221 870 333 926 autem
358 885 435 926 cum
460 863 651 927 Burmanno
672 864 878 928 substantive
895 865 1041 946 positum
1058 885 1130 926 esse
1147 883 1338 938 censemus,

220 989 339 1052 saltem
356 991 630 1054 obscurissimum
648 991 781 1055 dicendi
798 1011 902 1073 genus
920 1001 1061 1054 tuemur,
1089 967 1179 1054 Nam
1196 989 1278 1073 quid
1291 999 1341 1053 est

215 1120 378 1201 gratuito
402 1120 600 1185 obstrictis?
624 1121 681 1184 An
706 1122 846 1184 sortasse
864 1142 931 1184 vox
938 1120 1066 1202 gratio
1083 1120 1184 1184 latet?
1209 1119 1341 1184 Deinde

220 1267 353 1311 sensum
389 1250 567 1312 verborum
603 1249 734 1331 reliquo
766 1249 925 1312 ordinum
952 1269 1077 1330 genere
1109 1269 1242 1330 prorsus
1274 1268 1339 1310 non

220 1377 387 1458 intellego,
438 1378 527 1441 Nam
553 1378 684 1441 etiamsi
709 1377 880 1460 reliquom
906 1377 1064 1440 ordinum
1085 1398 1192 1461 gereres
1210 1386 1338 1440 rectum

217 1516 320 1583 esset,
355 1515 467 1570 tamen
500 1507 555 1569 hic
589 1527 654 1569 non
687 1507 826 1570 haberet
854 1528 922 1589 quo
948 1529 983 1570 se
1007 1507 1160 1584 referret,
1187 1506 1340 1590 quando-

217 1633 355 1716 quidem
391 1635 424 1696 in
460 1635 626 1716 prioribus
662 1635 705 1698 de
740 1644 856 1698 senatu
890 1655 1000 1698 sermo
1029 1634 1109 1711 suit,
1136 1655 1201 1697 non
1226 1643 1338 1697 autem

217 1763 259 1826 de
295 1763 450 1826 ordinum
485 1785 607 1846 genere
643 1765 803 1848 quodam.
853 1765 921 1829 Sed
958 1765 1059 1827 etiam
1084 1785 1144 1846 per
1167 1785 1203 1826 se
1228 1764 1338 1861 ipsum

216 1893 384 1976 reliquom
423 1891 581 1956 ordinum
614 1913 723 1975 gereres
759 1893 880 1956 falsum
916 1903 975 1957 est.
1026 1893 1142 1956 Habes
1166 1914 1231 1974 eg.
1257 1893 1338 1955 ordo

215 2021 447 2104 amplissimus
481 2022 553 2086 Cal.
589 2025 646 2102 48.
697 2022 789 2086 Otho
816 2025 847 2086 8.
881 2023 986 2105 Vesp.
1014 2039 1051 2099 2,
1081 2021 1164 2085 ordo
1187 2030 1338 2104 equester

216 2150 312 2214 Caes.
350 2169 407 2229 41.
444 2150 536 2232 Aug.
565 2168 595 2214 2.
630 2151 673 2214 al.
706 2151 788 2212 ordo
825 2160 966 2234 uterque
998 2149 1088 2232 Aug.
1127 2165 1177 2230 15.
1203 2149 1339 2213 ordines

215 2277 424 2360 amplissimi
451 2277 516 2361 (ie.
542 2279 729 2341 senatorius
754 2289 787 2342 et
811 2290 985 2361 equester,
1016 2277 1170 2341 Willems
1196 2278 1226 2340 le
1251 2278 1340 2341 droit

215 2427 247 2488 p.
282 2407 324 2470 R.
358 2407 439 2488 407)
472 2406 576 2488 Vesp.
612 2424 664 2487 9.,
698 2407 843 2488 denique
872 2427 982 2469 omnes
1005 2405 1140 2468 ordines
1164 2406 1254 2488 Aug.
1278 2425 1335 2484 41.

214 2536 332 2600 Claud.
361 2553 415 2600 22.
439 2573 483 2582 -
502 2537 623 2620 Neque
640 2536 766 2600 nodum
785 2536 995 2600 Gordianum
1011 2536 1111 2599 solvit
1127 2535 1336 2598 Burmannus

212 2664 379 2727 coniciens
416 2685 577 2748 pueroque
612 2687 673 2749 pro
710 2686 846 2748 quoque.
892 2665 928 2729 Si
965 2665 1047 2748 quid
1082 2664 1181 2727 video
1218 2665 1334 2746 utique

211 2791 424 2854 scribendum
462 2802 533 2857 erat
568 2813 610 2855 ex
646 2792 792 2875 reliquis
828 2791 1014 2856 ordinibus.
1064 2791 1132 2855 Sed
1169 2791 1335 2855 abstinere

213 2919 341 2982 melius.

259 3048 344 3110 Mihi
379 3046 511 3110 videtur
548 3048 706 3110 mendum
744 3047 843 3110 altius
881 3048 1177 3130 irrepsisse-quam
1204 3059 1240 3112 ut
1263 3049 1335 3111 tolli

212 3173 327 3255 possit.
376 3174 533 3237 Fortasse
559 3176 625 3238 iam
652 3176 683 3238 in
709 3174 894 3256 archetypo
919 3182 1032 3238 textus
1057 3183 1249 3257 corruptus,
1276 3186 1334 3240 aut

212 3302 388 3365 lacunosus
413 3311 493 3367 erat.

162 3574 167 3581 ·
259 3556 345 3620 CAP.
390 3559 444 3622 28.
501 3559 607 3620 Recte
644 3557 807 3640 Stephani
842 3558 1111 3622 emendationem
1144 3559 1335 3641 abrogasset

211 3705 272 3766 pro
304 3685 433 3767 vulgari
466 3685 663 3769 abrogasset
696 3687 728 3748 in
762 3695 894 3750 textum
920 3688 1028 3751 editor
1053 3696 1164 3750 noster
1189 3688 1331 3770 recepit;

211 3811 486 3894 quandoquidem
516 3812 696 3895 plebiscito
733 3813 913 3878 Ablativus
953 3837 1025 3878 esse
1065 3816 1197 3898 nequit,
1239 3817 1331 3898 quod

212 3940 311 4001 rebus
343 3938 584 4003 adversaretur.
624 3940 713 4002 Nam
739 3941 952 4023 plebiscitum
977 3964 1045 4025 quo
1070 3943 1205 4006 Caesari
1230 3945 1332 4007 etiam

211 4068 340 4130 absenti
377 4068 494 4149 petitio
531 4068 722 4130 consulatus
760 4089 917 4132 concessa
950 4080 1021 4132 erat
1054 4071 1108 4151 (cf.
1144 4070 1239 4135 Caes.
1275 4071 1330 4154 26)

212 4196 340 4258 irritum
373 4195 499 4257 factum
532 4206 602 4258 erat
627 4195 701 4277 lege
726 4197 886 4278 Pompeia
912 4197 955 4260 de
980 4199 1049 4260 iure
1075 4201 1330 4280 magistratuum

212 4324 340 4406 (Lange
365 4324 408 4387 R.
435 4322 480 4386 A.
505 4324 551 4385 111
579 4324 663 4407 376,
691 4325 847 4388 Momms.
875 4326 919 4390 H.
946 4321 1023 4403 R.⁷,
1050 4328 1096 4389 111
1122 4327 1213 4411 360).
1252 4327 1332 4391 Ple-

212 4450 330 4517 biscito
367 4451 467 4538 igitur
504 4461 554 4518 est
589 4453 732 4518 Dativus
768 4473 915 4539 quocum
952 4475 1017 4520 non
1050 4455 1112 4518 nisi
1141 4454 1333 4541 obrogasset
