3254 5212
774 533 816 612 56

232 734 388 796 ductibus
425 735 567 796 eruerim
604 744 705 818 atque
740 735 776 798 in
806 736 1009 818 probatione
1045 741 1077 820 (i.
1116 761 1143 802 e.
1178 737 1352 823 δοκιμασία)

232 861 400 925 Probatio
420 861 571 944 eqm'tum
590 863 710 945 legitur
729 865 761 926 in
777 865 939 928 Philocali
957 866 1035 929 Kal.
1055 867 1151 949 (idib.
1170 867 1350 949 lul.).va1.

234 991 326 1054 Max.
345 992 385 1054 II.
406 991 598 1075 2.9.—ci.
626 991 696 1055 Cic.
715 993 757 1055 de
775 992 842 1056 Off.
857 994 880 1057 I.
896 1010 952 1070 40.
979 994 1087 1056 Varro
1105 994 1148 1057 de
1166 997 1208 1059 R.
1223 995 1265 1058 R.
1281 997 1351 1059 I.2.

279 1119 315 1180 In
351 1119 569 1199 sequentibus
601 1120 764 1201 particula
794 1120 1002 1184 adversativa
1034 1123 1095 1184 sed
1115 1143 1211 1185 suum
1241 1123 1351 1185 locum

232 1267 298 1309 non
323 1246 442 1323 habet,
469 1247 525 1310 ubi
551 1247 594 1310 de
618 1249 753 1311 notione
776 1249 869 1311 verbi
893 1249 1123 1312 admonitione
1140 1272 1205 1313 non
1223 1252 1350 1333 aliquid

233 1373 412 1455 derogatur
429 1395 538 1457 neque
555 1397 595 1438 ea
612 1377 834 1456 restringitur,
860 1376 919 1438 sed
937 1377 1048 1458 potius
1065 1379 1252 1441 accuratius
1270 1378 1352 1440 defi-

232 1503 319 1564 nitur
343 1503 510 1566 adiectivo
534 1504 649 1568 varta.
677 1505 831 1566 Restituo
857 1524 936 1586 ergo
953 1491 1183 1568 admonitione
1199 1515 1233 1567 et
1249 1507 1351 1569 vario

233 1630 285 1693 i.e.
319 1639 353 1691 et
385 1630 519 1712 quidem
549 1652 702 1718 seoque
726 1631 850 1708 vorz'a,
884 1631 926 1695 de
957 1652 1024 1713 quo
1049 1633 1190 1713 copulae
1223 1655 1282 1696 usu
1309 1633 1350 1696 cf.

233 1757 364 1821 Gosrau
387 1757 420 1822 ll.
439 1761 457 1840 §
473 1773 552 1839 475.
579 1762 658 1838 480.
686 1759 847 1840 Nagelsb.
866 1760 941 1822 Lat.
960 1753 1050 1822 Stil.⁷
1067 1781 1099 1841 p.
1120 1759 1184 1840 615
1207 1761 1240 1825 ff.
1259 1761 1350 1826 Suet.

233 1886 301 1949 Tit.
340 1905 367 1950 1.
406 1889 542 1970 passim.
577 1890 694 1970 Itaque
732 1907 797 1949 non
822 1885 1060 1950 'accedendum
1094 1897 1144 1950 est
1181 1888 1353 1970 Madvigio

234 2015 279 2094 (ll.
306 2036 339 2096 p.
369 2017 446 2097 575)
473 2016 564 2097 Aug.
589 2033 632 2097 43
660 2024 736 2098 post
752 2013 955 2097 confectores
964 2014 1129 2098 serarum
1147 2017 1352 2098 expungenti

233 2152 283 2219 et,
310 2144 401 2224 quod
436 2144 503 2207 sere
528 2145 618 2207 valet
633 2127 674 2205 ¹et
699 2142 844 2225 quidem.

281 2397 367 2462 CAP.
392 2415 448 2477 42.
498 2397 594 2481 Quae
623 2397 802 2462 Suetonius
827 2397 923 2459 nobis
948 2406 1059 2459 narrat
1089 2398 1131 2460 de
1158 2398 1258 2462 modo
1284 2422 1351 2482 quo

234 2525 408 2608 Augustus
444 2547 532 2607 quae
556 2527 756 2608 promiserat
780 2524 903 2586 solvit?
951 2526 1174 2606 Proposuerat
1198 2527 1353 2610 princeps

233 2661 343 2715 certae
367 2673 519 2715 summae
544 2654 769 2734 congiarium,
797 2653 970 2733 proposito
991 2672 1031 2713 eo
1051 2655 1215 2734 comperit
1233 2656 1354 2718 multos

232 2782 453 2842 manumissos
483 2801 571 2856 esse,
610 2781 764 2842 nimirum
791 2789 827 2841 ut
852 2780 883 2839 in
908 2779 1031 2839 civium
1057 2800 1232 2843 numerum
1257 2782 1350 2845 relati

233 2909 422 2971 donationis
455 2910 635 2990 participes
669 2908 794 2970 fierent.
846 2906 907 2969 Cui
937 2907 1044 2968 fraudi
1071 2917 1107 2970 ut
1131 2909 1266 2971 obviam
1292 2911 1352 2973 iret

234 3046 337 3118 utque
369 3037 533 3100 destinata
558 3058 689 3100 summa
714 3036 895 3111 sufficeret,
932 3034 1039 3097 edixit
1062 3044 1192 3098 tanturn
1217 3057 1274 3099 eos
1300 3059 1353 3100 ac-

233 3174 387 3246 cepturos
422 3165 544 3246 quibus
570 3165 771 3245 promissum
797 3171 893 3225 esset.
944 3163 1118 3224 Praeterea
1143 3165 1260 3226 ceteris
1286 3166 1350 3245 (ie.

231 3291 400 3354 veteribus
425 3292 554 3354 civibus
572 3292 694 3372 quibus
712 3291 849 3372 quidem
867 3290 1036 3371 pollicitus
1053 3291 1134 3371 erat)
1154 3293 1261 3354 minus
1278 3314 1353 3375 pro·

234 3420 343 3502 posito
368 3419 436 3483 dat.
488 3418 635 3482 Necesse
661 3420 761 3500 igitur
786 3428 873 3495 erat,
906 3428 941 3482 ut
966 3419 1008 3480 de
1032 3439 1163 3482 summa
1188 3419 1353 3485 destinata

232 3547 360 3630 aliquid
385 3547 595 3629 superfuerit.
622 3546 722 3610 Unde
743 3547 894 3626 sequitur
911 3546 1047 3607 omnino
1065 3545 1148 3608 salsa
1166 3567 1237 3610 esse
1251 3548 1352 3610 verba

232 3673 352 3738 ceteris
376 3694 450 3756 eqs,
477 3695 554 3736 nam
575 3684 611 3738 ut
631 3694 762 3737 summa
788 3674 952 3736 sufficeret
975 3675 1041 3736 iarn
1062 3694 1138 3751 eoS,
1165 3677 1223 3758 qui
1237 3677 1353 3740 fraude

233 3804 355 3866 civium
391 3822 530 3865 numero
568 3803 679 3865 inserti
717 3811 844 3878 essent,
883 3802 998 3883 procul
1036 3813 1231 3868 removerat.
1286 3805 1352 3868 Sed

232 3931 394 3996 Suetonio
420 3928 612 3993 addendum
639 3938 726 4006 erat,
754 3929 945 4010 Augustum
972 3949 1037 3990 non
1062 3932 1212 3992 omniurn
1238 3953 1353 3996 eorum

236 4061 293 4140 qui
320 4059 514 4121 manumissi
540 4068 662 4134 essent,
690 4059 825 4120 nomina
843 4058 1027 4139 comperire
1044 4059 1209 4139 potuisse,
1228 4062 1353 4142 quippe

236 4186 327 4268 quod
353 4185 592 4249 difficillimum
613 4195 708 4249 esset.
734 4187 871 4266 itaque
896 4205 1034 4247 numero
1059 4195 1175 4263 auct0,
1201 4189 1354 4268 quamvis

235 4315 357 4376 multos
381 4313 607 4395 repudiasset,
633 4322 745 4377 tamen
771 4315 851 4394 quia
876 4334 991 4375 omnes
1017 4313 1173 4394 detegere
1194 4315 1354 4395 nequibat

234 4451 370 4506 coactus
404 4452 474 4505 crat
507 4441 587 4504 dare
622 4442 728 4503 minus
754 4461 856 4521 quarn
882 4441 1097 4521 promiserat,
1130 4450 1165 4504 ut
1190 4441 1353 4506 destinata
