3254 5212
816 531 860 609 48

254 745 258 752 '
281 733 477 809 invenimus,
503 733 820 814 cumsignificarent
835 755 956 798 ananus
974 734 1101 818 papula
1122 734 1291 813 ablatum,
1309 734 1400 817 quod

280 863 348 925 fere
380 882 439 944 per
473 860 600 925 nudum
626 862 707 925 illud
733 883 854 926 marrus
877 863 1045 942 redditur;
1073 884 1149 926 nam
1174 864 1273 944 longe
1306 864 1402 926 aliter

278 989 512 1073 accipiendum
549 999 599 1053 est
634 989 730 1052 Plinii
768 991 833 1072 Ep.
870 991 895 1053 l.
934 992 964 1053 8.
1009 1008 1046 1053 12
1084 1011 1205 1053 murras
1233 991 1402 1072 populare

279 1122 332 1185 ie.
371 1118 496 1202 populo
532 1129 687 1200 gratum,
725 1129 912 1201 acceptum.
967 1120 1085 1200 ltaque
1122 1139 1187 1181 non
1219 1120 1290 1181 sine
1316 1119 1400 1181 iusta

278 1268 379 1331 ¹causa
416 1248 449 1309 in
486 1247 538 1309 his
561 1249 683 1310 verbis·
700 1247 878 1311 haeserunt
907 1249 1119 1330 interpretes,
1145 1267 1288 1328 quorum
1317 1245 1401 1308 Tor-

278 1377 402 1440 rentius
440 1376 575 1457 Lipsius
611 1390 672 1458 pro
707 1376 844 1457 vulgata
879 1376 1021 1439 lectione
1057 1376 1259 1458 seripserunt
1282 1395 1402 1438 ritanus

269 1504 467 1588 publicam,
502 1503 545 1565 ad
580 1503 673 1584 quod
699 1503 936 1566 stabiliendum
970 1504 1161 1566 testimonia
1190 1524 1208 1564 e
1233 1503 1401 1585 lapidibus

277 1634 383 1717 petita
407 1631 560 1695 afferunt.
611 1630 678 1694 Sed
694 1632 794 1695 haud
816 1633 886 1695 scio
911 1653 953 1695 an
979 1654 1045 1695 non
1071 1643 1198 1696 rectum
1220 1634 1262 1694 sit
1282 1653 1402 1694 manas

269 1760 467 1844 prrblicrrrn,
493 1759 585 1841 quod
610 1758 701 1841 apud
726 1759 924 1823 Suetonium
950 1761 1049 1842 longe
1074 1761 1140 1824 alia
1157 1761 1401 1842 significatione

277 1888 468 1951 adhibitum
494 1888 641 1950 invenias
667 1886 785 1950 Claud.
813 1905 854 1964 2,
882 1888 1054 1971 pluraliter
1079 1889 1156 1952 Tib.
1189 1904 1247 1966 10;
1280 1903 1329 1968 15.
1356 1925 1400 1935 -

277 2015 344 2079 Sed
362 2016 461 2078 lectio
479 2015 600 2098 Copes.
612 2024 848 2096 praeparatas
860 2017 956 2078 nobis
973 2027 1099 2079 rectam
1116 2017 1205 2079 viam
1219 2016 1399 2079 ineundam

278 2153 450 2207 monstrat.
490 2143 567 2206 Non
593 2144 681 2205 enim
707 2142 798 2206 aliud
826 2144 858 2205 in
883 2144 1068 2226 archetypo
1091 2144 1192 2206 fuisse
1225 2154 1399 2207 exaratum

276 2283 357 2355 puto
383 2272 445 2334 nisi
470 2270 519 2332 ad
541 2290 662 2332 munus
679 2280 934 2351 praeparatas,
962 2272 994 2333 in
1020 2272 1143 2352 quibus
1175 2272 1285 2334 verbis
1310 2292 1401 2334 com-

276 2399 400 2481 pendio
431 2388 468 2479 ᾗ.
506 2398 594 2460 male
629 2397 739 2460 soluto
777 2399 809 2459 in
840 2398 968 2480 papuli
1006 2419 1074 2461 vox
1100 2408 1254 2480 paratas
1291 2420 1401 2462 rursus

278 2535 425 2589 correcta
450 2526 492 2588 sit
521 2526 553 2587 in
578 2534 805 2607 carnparatas.
832 2526 873 2590 cf.
906 2526 977 2589 Cal.
1006 2541 1046 2606 27
1074 2526 1240 2607 „ferarum
1272 2528 1398 2590 muneri

278 2652 598 2739 praeparatarum.”'
636 2653 691 2715 Ex
716 2654 882 2716 contrario
909 2654 1004 2717 Caes
1036 2668 1071 2733 15
1102 2655 1134 2716 in
1153 2655 1318 2717 nonnullis
1346 2675 1401 2715 co·

278 2782 410 2845 dicibus
434 2801 495 2863 pro
520 2785 598 2843 ver'a
624 2780 765 2843 lectione
783 2781 909 2862 papali
931 2781 1068 2844 vacavit
1092 2792 1265 2863 comparet
1278 2793 1401 2863 pravo-

278 2909 373 2972 cavit
383 2911 397 2984 ,'
417 2908 509 2990 quod
535 2909 692 2971 nimirum
718 2920 830 2973 ortum
865 2920 914 2974 est
939 2932 981 2973 ex
999 2932 1102 2993 prava
1127 2911 1292 2973 solutione
1311 2930 1401 2972 com·

276 3036 390 3120 pendii
414 3037 506 3100 vocis
524 3035 649 3116 papuli
664 3037 723 3119 (p.)

324 3293 409 3356 CAP.
421 3267 443 3353 ‘8
449 3305 479 3371 5.
509 3290 707 3356 columnam
720 3292 849 3354 statuit
864 3293 1065 3377 scrispsitqua
1076 3293 1229 3356 Parenti
1239 3292 1397 3356 Patriae.

276 3419 493 3502 Quamquam
518 3427 730 3499 perspectum
749 3418 859 3481 habeo
882 3420 958 3482 inde
975 3441 994 3482 a
1012 3420 1133 3484 Tacito
1150 3420 1257 3483 Plinio
1275 3421 1398 3503 saepis-

274 3548 358 3609 sime
382 3546 528 3628 simplex
544 3547 683 3609 verbum
701 3567 761 3628 pro
779 3549 967 3629 composito
993 3511 1152 3612 usitatum
1170 3569 1259 3626 esse,
1286 3559 1397 3612 tamen

275 3653 330 3738 hic
355 3674 522 3738 scribendi
538 3675 678 3737 verbum
705 3674 787 3737 mihi
805 3676 998 3758 scrupulum
1025 3678 1139 3742 movit.
1178 3677 1299 3759 Neque
1317 3677 1397 3740 mihi

275 3800 318 3864 de
343 3801 495 3864 lectionis
510 3801 650 3864 veritate
668 3823 864 3883 persuasum
882 3813 931 3866 est
948 3802 1030 3866 locis
1055 3826 1075 3866 a
1092 3803 1297 3867 Ruhnkenio
1317 3803 1396 3866 Bur-

276 3950 399 3992 manno
432 3928 593 4006 laudatiS,
628 3938 664 3993 ut
700 3930 811 3994 Tib.l
838 3949 868 4012 3,
897 3946 958 4011 54,
985 3932 1041 3995 ubi
1069 3930 1099 3994 O
1125 3932 1191 4013 (ie.
1218 3951 1396 3994 consensus

274 4057 429 4120 codicum
454 4055 499 4119 A.
526 4056 568 4120 G.
587 4057 630 4120 V.
657 4056 748 4137 apud
774 4057 911 4134 Baehr.,
938 4078 1039 4139 quem
1060 4057 1115 4138 cl.)
1134 4056 1238 4120 habet
1256 4056 1397 4138 inserti)-

276 4185 338 4261 tis,
366 4205 431 4246 non
465 4193 576 4245 autem
613 4183 668 4246 Iris
702 4183 873 4264 scrt'ptum·
897 4193 931 4245 et
956 4184 1028 4247 Liv.
1066 4183 1125 4247 IV.
1170 4199 1230 4260 20,
1277 4202 1328 4248 11.
1364 4205 1398 4248 se

273 4310 437 4375 consulem
454 4309 651 4392 scripserit,
672 4309 763 4393 quod
782 4311 1067 4393 interpretandum
1085 4320 1135 4374 est
1153 4311 1240 4391 „sibi
1253 4312 1398 4374 consulis

274 4439 408 4506 titulum
433 4436 604 4518 dederit'’,
631 4460 709 4504 nam
725 4439 768 4504 de
793 4441 916 4504 haere
942 4439 1141 4522 disceptatio
1160 4439 1231 4504 fuit.
1256 4439 1309 4522 (cf.
1331 4439 1394 4520 §6.
