3254 5212
803 542 848 626 36

262 771 365 836 quem
390 750 501 816 Dione
525 758 697 814 auctoree
727 749 888 814 Suetonio
913 749 1108 832 saepissime
1132 747 1283 811 hausisse
1307 765 1385 809 con·

262 887 329 943 stat
364 879 419 962 (cs.
458 876 601 941 Schiller
637 878 737 940 Rom.
776 877 871 940 Kais.
909 877 923 938 l
966 877 1058 960 139):
1085 875 1241 947 συσσίτους
1264 874 1385 938 tri'nrr

261 1003 365 1070 nituit
388 1002 514 1072 ἐκείνων
537 999 589 1066 noia
613 1006 646 1067 in
671 1012 732 1070 τῶν
754 1000 859 1069 ἄλλων
881 1001 947 1068 καθ’
968 999 1100 1086 ἑκάστην
1123 1001 1239 1084 ἡμέραν
1255 999 1384 1089 συχνούς

261 1126 392 1191 ἐποιεῖτο
411 1127 461 1188 nni
474 1121 624 1197 πολλάκις
641 1128 691 1188 καλ
705 1122 797 1198 utut·
811 1119 896 1206 παρά
909 1131 970 1196 τσῖ,Ι
980 1120 1067 1189 πάνυ
1080 1122 1179 1204 olion·
1189 1124 1331 1189 torinna.
1347 1159 1384 1170 -

262 1246 292 1318 ἐς
314 1244 347 1309 dl
370 1241 409 1326 di·
432 1229 530 1308 τᾶλλα
553 1241 659 1312 πάντα
682 1241 783 1317 κοινὰ·
805 1247 857 1309 καὶ
881 1238 1045 1316 londinum·
1068 1263 1169 1323 σσισιν
1193 1230 1243 1326 in.

310 1405 353 1414 —
380 1368 504 1432 Nostro
531 1367 605 1432 loco
632 1369 733 1450 igitur
758 1367 898 1431 lacunae
925 1369 1057 1450 signum
1083 1388 1302 1450 apponamus.

310 1623 397 1688 Can.
437 1642 491 1708 23.
553 1625 738 1708 Vulgatam
780 1624 956 1688 lectionem
991 1634 1132 1706 portaret
1168 1645 1194 1688 s.
1223 1634 1387 1706 ponerent

263 1751 409 1816 Rothius
447 1755 591 1818 correxit
628 1756 660 1816 in
689 1763 816 1836 ponere
855 1755 1038 1818 rectissime
1074 1755 1277 1837 perspiciens
1309 1775 1386 1817 con-

263 1883 479 1946 structionem
517 1883 712 1947 nnntinntis
753 1884 882 1965 legatos
921 1882 1193 1946 iussit-continno
1222 1893 1386 1966 ponerent

263 2008 381 2072 falsam
419 2030 501 2074 esse.
553 2011 669 2074 Habes
705 2010 842 2092 quidem
876 2031 931 2093 ap.
969 2010 1075 2074 Plaut.
1102 2009 1207 2075 Stich.
1238 2013 1278 2075 ll.
1306 2027 1379 2092 2.71

264 2144 354 2222 ,iube
378 2139 523 2203 famulos
547 2160 616 2202 rem
643 2139 791 2202 divinam
816 2138 1001 2223 apparent’,
1028 2150 1060 2202 et
1084 2161 1139 2223 ap.
1169 2140 1247 2203 Ter.
1275 2141 1384 2216 ,herus

263 2293 317 2336 me
343 2271 437 2334 iussit
453 2266 668 2352 Pamphilum
693 2267 794 2329 hodie
819 2266 1060 2344 observarem’,
1086 2268 1145 2330 sed
1171 2267 1214 2331 ad
1232 2267 1384 2331 Suetoni-

263 2419 364 2462 anum
406 2417 502 2461 usum
535 2394 695 2478 loquendi
729 2393 1018 2478 comprobandum
1052 2392 1135 2456 haec
1169 2394 1297 2457 laudari
1330 2416 1385 2458 ne-

264 2534 401 2609 queunt.
451 2522 556 2607 Apud
594 2531 742 2586 nostrum
779 2532 894 2586 contra
932 2524 964 2585 in
1000 2523 1067 2585 vita
1105 2522 1183 2586 Tib.
1222 2539 1263 2585 22
1303 2523 1384 2603 legis

266 2652 371 2730 ,lectis
412 2648 576 2713 codicillis
617 2651 739 2733 quibus
772 2659 808 2714 ut
836 2651 869 2713 id
911 2651 1034 2714 laceret
1070 2649 1277 2727 iubebatur',
1315 2650 1383 2714 Vit.

267 2795 307 2857 14
346 2777 496 2855 ,iubebat
533 2775 762 2839 mathematici
791 2775 993 2839 excederent
1019 2775 1122 2840 urbe’.
1179 2778 1253 2840 Iure
1286 2778 1385 2858 igitur

261 2906 322 2969 viri
361 2905 452 2969 docti
490 2904 573 2967 mihi
609 2903 674 2966 hoc
710 2903 785 2966 loco
821 2904 968 2967 haesisse
992 2902 1163 2979 videntur,
1192 2903 1251 2966 sed
1277 2925 1384 2986 neque

262 3052 338 3095 cum
376 3033 450 3096 aliis
488 3032 666 3095 emendare
702 3033 803 3095 velim
842 3033 942 3096 iussit
966 3042 1005 3095 nt
1028 3031 1185 3094 continno
1202 3042 1383 3113 ponerent,

262 3161 342 3242 quia
366 3160 506 3222 verbum
530 3159 588 3222 nel
612 3161 669 3222 vix
694 3159 877 3224 desiderari
902 3168 1012 3242 potest
1037 3159 1099 3242 (est
1135 3160 1260 3242 passim
1285 3160 1384 3223 obvia

262 3287 413 3350 conlusio
439 3287 524 3350 inter
551 3286 608 3349 nel
629 3287 790 3371 scriptum
816 3307 875 3370 per
899 3287 1137 3368 compendium
1163 3296 1178 3348 t
1203 3297 1235 3349 et
1260 3297 1315 3364 nt,
1342 3289 1383 3351 cl.

261 3414 353 3496 Aug.
393 3431 433 3496 33
472 3414 529 3476 ubi
566 3413 702 3496 Lipsius
733 3433 793 3496 pro
824 3413 881 3475 vel
909 3434 1026 3476 errore
1051 3414 1221 3495 ingeniose
1245 3417 1386 3477 coniecit

261 3542 319 3606 vel
351 3540 513 3623 terrore),
548 3561 658 3622 neque
686 3561 762 3603 cum
791 3539 919 3603 Rothio
947 3541 1092 3603 scribere
1109 3553 1245 3624 ponere.
1296 3543 1384 3606 Nam

262 3671 317 3733 hic
343 3690 479 3753 quoque
503 3669 775 3732 Vindobonensis
800 3669 909 3732 codex
934 3669 1024 3731 solus
1045 3671 1248 3752 exquisitam
1273 3670 1386 3734 lectio-

263 3818 339 3862 nem
386 3798 526 3880 praebet
570 3797 752 3860 nuntianti
792 3797 918 3880 legato,
961 3819 1028 3880 qua
1064 3798 1163 3860 simul
1200 3799 1387 3881 explicatur

262 3926 441 4007 singularis
458 3935 603 4008 portaret
627 3927 659 3988 in
682 3926 848 3990 nonnullis
873 3926 1057 3991 codicibus,
1108 3928 1263 3991 Restituo
1288 3929 1387 4009 igitur

261 4054 443 4118 nuntianti
466 4054 579 4137 legato
608 4091 652 4100 -
678 4053 778 4117 iussit
803 4092 847 4100 —-
871 4055 928 4116 nel
949 4054 1106 4117 continno
1125 4065 1284 4136 poneret,
1311 4058 1385 4121 coll.

263 4183 346 4248 Tac.
384 4183 475 4247 Ann.
502 4183 595 4245 Xlll.
637 4196 688 4261 15.
738 4181 942 4258 ,Britannico
975 4183 1069 4245 iussit
1093 4184 1308 4266 exsurgeret'.
1335 4185 1385 4250 Cl'.

262 4311 463 4395 Nipperdey
488 4310 532 4376 ad
558 4309 641 4374 Tac.
668 4308 758 4372 Ann.
785 4310 844 4373 IV.
872 4325 927 4389 72.

728 4488 931 4496 ——.—-.
