3254 5212
738 567 775 634 Ῑ5

195 755 394 838 capillorum
419 766 536 822 ornatu
554 778 657 840 quam
683 758 715 819 in
733 777 811 820 cura
829 758 978 840 corporis
992 777 1162 822 servorum
1176 755 1219 820 ad
1237 756 1320 818 haec
1353 779 1356 784 ·

197 885 380 948 ministeria
404 885 632 949 adhibitorum
658 886 857 948 morosiores
881 886 993 949 fuisse.
1039 886 1114 948 Hac
1138 887 1238 967 igitur
1262 905 1320 946 no-

195 1015 287 1077 tione
319 1013 451 1078 adiecta
477 1014 576 1097 plane
609 1024 646 1077 ut
669 1014 821 1077 exoletus
847 1013 971 1077 Caesar
995 1015 1092 1077 nobis
1116 1013 1319 1096 depingitur.

197 1140 249 1205 Cf.
274 1141 490 1224 Marquardt,
516 1141 727 1204 Privatleben
752 1141 785 1206 d.
812 1143 855 1205 R.
882 1144 906 1206 I.
934 1163 966 1225 p.
998 1158 1071 1222 147.
1099 1157 1130 1222 7.

244 1267 329 1332 CAP.
358 1267 412 1347 56.
461 1265 629 1350 Persequi
650 1268 751 1331 volet.
802 1267 980 1332 Traditam
1013 1268 1192 1334 lectionem
1216 1269 1321 1334 vellet

197 1397 308 1478 potius
324 1416 401 1458 cunr
427 1396 582 1472 Ernestio
600 1397 803 1459 correxerim
821 1397 854 1460 in
871 1397 958 1460 velit
975 1418 1077 1479 quam
1096 1418 1139 1461 ex
1156 1397 1319 1480 Stephani

195 1521 342 1585 editione
366 1521 551 1605 amplectar
574 1519 675 1586 volet.

243 1777 329 1843 CAP.
355 1778 410 1842 60.
459 1780 514 1841 Ex
538 1777 716 1844 occasione.
764 1779 972 1861 Praepositio
1004 1779 1100 1843 abest
1125 1779 1158 1842 in
1185 1778 1317 1846 Viterb.

196 1905 345 1970 Vindob.
384 1924 411 1969 1.
445 1895 557 1981 Cort,¹
594 1905 682 1968 unde
718 1927 795 1968 curn
836 1906 1028 1969 Burmanno
1061 1907 1137 1971 coll.
1164 1906 1236 1974 cal.
1261 1913 1319 1988 43.

196 2033 312 2097 Senec.
350 2033 393 2096 de
428 2033 524 2097 clem.
563 2034 588 2098 Ι.
627 2033 659 2098 6.
693 2034 854 2098 Suetonio
891 2034 1095 2098 reddiderim
1136 2056 1178 2098 ex
1217 2034 1320 2099 desti-

195 2171 277 2224 oato
291 2161 352 2224 sed
365 2161 543 2225 occasione.
575 2160 699 2223 Contra
716 2160 901 2223 clarissimo
917 2161 989 2223 viro
1007 2160 1109 2224 fidem
1127 2161 1319 2225 habendam

197 2310 268 2352 esse
293 2310 399 2370 nego,
426 2291 483 2352 ubi
509 2298 605 2372 putat
630 2291 914 2371 praepositionem
939 2310 982 2353 ex
1007 2289 1154 2352 secundo
1179 2290 1254 2352 colo
1275 2288 1318 2352 ad

197 2418 289 2500 prius
314 2437 412 2500 posse
447 2382 638 2493 subaudiri,
672 2438 774 2500 quam
808 2417 999 2480 liberiorem
1032 2417 1319 2499 praepositionum

196 2543 452 2607 collocationem
477 2545 567 2628 apud
586 2555 703 2627 poetas
719 2545 808 2609 solos
826 2545 1021 2622 Invenimus;
1047 2544 1089 2608 cf.
1109 2543 1240 2608 Gosrau
1259 2543 1318 2610 Gr.

197 2672 329 2753 Lat..§
368 2673 480 2752 358‚5;
531 2672 693 2752 Forbiger
726 2670 768 2734 ad
807 2671 923 2752 Verg:
948 2671 1035 2734 Aen.
1073 2671 1106 2734 V
1140 2686 1226 2753 512,
1265 2673 1322 2756 qui

200 2800 387 2863 maximam
436 2798 668 2881 exemplorum
717 2799 851 2881 copiam
896 2800 1074 2880 congessit.
1124 2799 1181 2862 Ad
1219 2800 1326 2864 Abla-

197 2929 302 2991 tivum
355 2926 523 2991 occasione
567 2927 609 2991 cl.
656 2926 752 2992 Caes.
800 2941 865 3007 35,
906 2929 1094 3003 ‚occasione
1134 2937 1324 3011 temporum

200 3055 404 3120 bellantem'.

249 3311 335 3377 CAP.
361 3310 417 3393 65.
468 3311 589 3376 Totius
614 3312 678 3375 loci
704 3332 818 3376 sensus
853 3312 1016 3396 efflagitat
1053 3313 1086 3376 in
1117 3313 1227 3396 priore
1251 3334 1324 3377 sen-

199 3443 322 3505 tentiae
347 3452 442 3524 parte
467 3442 637 3505 notionem
662 3462 730 3524 qua
761 3441 926 3504 indicatur
949 3441 992 3505 de
1018 3442 1154 3506 internis
1179 3443 1322 3506 militum

198 3570 376 3632 virtutibus
411 3571 542 3632 vitiisve
579 3591 667 3652 quae
704 3570 828 3634 Caesar
857 3592 922 3634 non
958 3571 1138 3654 respiceret
1163 3573 1236 3652 agi,
1271 3573 1324 3635 cui

199 3699 381 3780 opponitur
415 3698 447 3759 in
473 3698 656 3780 posteriore
682 3707 816 3760 laetam
841 3719 863 3760 a
895 3697 1039 3763 viribus.
1089 3698 1203 3782 Quare
1228 3700 1324 3762 unice

199 3845 278 3888 vera
311 3835 360 3889 est
391 3825 490 3888 lectio
515 3826 684 3908 fortuna,
719 3827 849 3889 namsi
875 3846 941 3888 non
966 3847 985 3888 a
1011 3825 1118 3888 forma
1143 3826 1323 3907 probaret,

201 3953 373 4034 quomodo
406 3974 554 4036 unquam
591 3954 826 4018 tantummodo
851 3977 871 4017 a
904 3954 1052 4030 viribus,
1085 3954 1213 4035 quippe
1237 3974 1325 4036 quae

201 4081 395 4164 saepissime
420 4083 453 4144 in
479 4083 551 4164 ipsa
567 4081 675 4144 forma
700 4102 735 4144 se
761 4081 992 4145 manifestent?
1018 4080 1086 4145 Sed
1104 4102 1170 4144 non
1187 4082 1327 4146 curabat

203 4208 257 4270 ille
282 4208 352 4272 dux
378 4219 488 4273 utrum
513 4211 652 4274 austeris
679 4210 828 4272 moribus
852 4230 894 4272 an
919 4209 1054 4285 solutis,
1081 4218 1191 4272 utrum
1216 4230 1326 4291 aequa

203 4335 334 4400 lortuna
359 4357 401 4400 an
434 4337 547 4419 iniqua
580 4338 744 4422 (fortuna
776 4339 865 4400 enim
892 4338 923 4400 in
957 4338 1146 4400 universum
1171 4337 1214 4400 de
1237 4338 1326 4402 vitae

203 4463 402 4528 condicione
438 4465 546 4547 accipi
592 4465 705 4548 debet)
742 4466 909 4542 viverent,
945 4486 1061 4529 verum
1099 4465 1180 4529 illud
1217 4466 1325 4530 solunr
