3254 5212
847 529 887 576 lO

303 717 449 780 construi
475 725 595 800 potest.
621 717 689 782 Sed
715 718 797 801 quid
823 719 888 783 hoc
912 740 969 782 uec
986 719 1169 784 iaciamus?
1195 719 1284 783 Nam
1301 717 1422 784 salsum

303 865 375 908 esse
400 865 444 908 ex
469 847 508 909 iis
532 868 619 930 quae
647 849 714 911 iam
740 849 853 912 monui
879 849 1008 911 elucere
1034 848 1149 926 debet,
1175 869 1236 911 nec
1261 847 1422 912 Gronovii

302 981 336 1034 et
360 983 419 1037 aut
443 973 676 1058 Oudendorpii
701 997 805 1054 nuuc,
839 985 876 1039 ut
899 976 942 1040 de
966 977 1084 1040 ceteris
1110 977 1335 1060 antiquiorum
1360 977 1422 1040 cri-

300 1101 443 1165 ticorum
480 1105 679 1168 coniecturis
716 1116 866 1182 taceam,
911 1106 1146 1189 amplectenda
1182 1127 1254 1170 esse
1290 1122 1420 1170 censeo.

302 1227 411 1292 Unice
434 1251 550 1294 verum
576 1241 625 1295 est
650 1233 812 1315 Madvigii
838 1233 927 1298 Adv.
955 1235 1036 1298 Crit.
1054 1234 1097 1297 ad
1114 1234 1240 1316 scriptt.
1259 1233 1334 1297 Lat.
1355 1248 1418 1315 572

300 1357 334 1420 ei
361 1358 559 1439 plebiscita,
597 1381 673 1423 cum
710 1363 922 1444 praesertim.
940 1363 995 1424 hic
1026 1362 1254 1425 desideremus
1281 1362 1420 1424 verbum

300 1506 368 1568 quo
393 1486 521 1549 nudum
546 1487 627 1550 illud
652 1488 866 1570 plebiscitum
891 1491 1077 1552 accuratius
1102 1489 1290 1553 definiatur.

348 1615 447 1678 Nunc
479 1615 616 1680 demum
641 1619 764 1680 iustum
788 1638 922 1680 sensum
947 1617 1108 1683 Suetonio
1131 1613 1418 1702 recuperavimus,

254 1737 258 1748 ”
299 1763 345 1806 sc.
379 1744 516 1826 quando
549 1746 579 1808 ei
615 1747 793 1828 plebiscito
830 1747 909 1830 (quo
946 1768 1142 1811 concessum
1179 1757 1250 1811 erat
1286 1755 1322 1809 ut
1360 1747 1419 1810 ab·

299 1857 401 1936 sentis
440 1874 524 1938 ratio
565 1875 710 1937 comitiis
742 1873 933 1957 haberetur)
967 1884 1084 1958 postea
1113 1876 1293 1957 Pompeius
1322 1876 1420 1938 obro-

299 2009 422 2082 gasset.

346 2130 490 2193 Etiamsi
535 2132 680 2194 Rothius
724 2153 767 2195 ex
810 2134 849 2195 iis
881 2154 969 2215 quae
1002 2142 1183 2215 antequam
1219 2132 1324 2195 editio
1358 2152 1419 2196 sua

298 2257 458 2321 confieret
490 2260 662 2342 proposita
695 2270 805 2337 erant,
838 2281 904 2323 non
938 2248 1084 2323 invenire
1108 2269 1222 2342 posset
1247 2281 1315 2342 quo
1338 2261 1418 2323 satis

298 2386 362 2449 sibi
394 2387 487 2450 locus
518 2389 687 2452 videretur
718 2410 790 2452 esse
819 2388 1033 2466 emendatus,
1065 2388 1168 2473 (quod
1194 2388 1416 2472 admiserim),

299 2523 411 2578 tamen
430 2527 488 2581 aut
507 2518 602 2599 signo
622 2518 736 2606 aliquo
757 2538 833 2580 eum
852 2517 998 2581 indicare
1023 2519 1202 2600 oportebat
1219 2517 1330 2580 locum
1348 2538 1419 2580 esse

298 2653 507 2726 corruptum,
538 2655 595 2708 aut
612 2646 644 2707 in
670 2645 876 2728 praefatione
900 2646 943 2708 de
967 2645 1031 2707 hac
1056 2666 1090 2707 re
1115 2644 1197 2727 quid
1214 2645 1278 2708 sibi
1303 2644 1418 2730 aliisve

298 2772 512 2835 statuendum
534 2773 702 2837 videretur
726 2773 900 2837 nobiscum
925 2773 1184 2836 communicare.

345 3026 430 3092 CAP.
467 3045 520 3109 29.
570 3028 607 3090 ln
640 3027 894 3091 Vindobonensi
927 3028 1022 3097 abest
1052 3048 1087 3091 se
1119 3037 1195 3111 post
1225 3025 1417 3110 dffciliuS,

297 3156 389 3236 quod
406 3155 523 3220 addito
536 3166 704 3239 praestare
721 3177 782 3239 pro
799 3167 889 3220 certo
907 3157 1027 3221 habeo,
1055 3157 1144 3220 Nam
1157 3157 1224 3219 iere
1250 3155 1414 3218 eiusmodi

296 3285 480 3348 sententiae
502 3286 534 3347 in
557 3286 745 3348 universum
766 3285 877 3348 dictae
895 3296 971 3350 sunt
996 3288 1122 3369 quique
1149 3287 1251 3349 utitur
1274 3286 1312 3348 iis
1337 3286 1417 3348 satis

296 3412 463 3493 significat
487 3412 530 3475 ad
556 3434 591 3476 se
617 3415 726 3496 ipsum
751 3434 808 3477 eas
833 3434 905 3476 esse
930 3415 1130 3478 referendas.

344 3667 430 3732 CAP.
466 3686 519 3749 30.
569 3669 716 3733 Omnino
749 3690 826 3731 cum
860 3668 1060 3733 Casaubono
1098 3670 1225 3732 Rothio
1263 3670 1339 3732 inde
1373 3671 1416 3733 ab

296 3807 345 3860 ert
377 3818 483 3879 usque
514 3797 557 3860 ad
589 3797 771 3879 Euripidis
803 3798 1015 3880 interpolatio
1048 3797 1225 3861 statuenda
1259 3807 1326 3873 est,
1357 3797 1416 3860 sed

296 3946 361 3989 una
386 3946 405 3988 a
429 3924 580 3988 Suetonii
603 3935 698 3989 textu
723 3927 860 4022 exulare
883 3927 983 3990 velim
1007 3927 1109 3989 verba
1136 3924 1239 3988 tertio
1265 3924 1365 3990 libro.

342 4052 427 4116 Cum
453 4062 565 4116 nostro
590 4053 664 4116 loco
690 4054 731 4118 ci.
757 4041 854 4148 :Caes
879 4069 932 4134 55.
955 4052 1070 4119 Cicero
1086 4052 1136 4115 ud
1149 4054 1297 4117 Brutum
1318 4052 1414 4116 Caes

297 4180 350 4263 56.
378 4179 473 4244 Caes,
498 4199 554 4260 42.
581 4183 614 4245 in
640 4183 715 4246 fine.
769 4165 771 4170 ¹

343 4437 428 4504 CAP.
468 4455 522 4520 34.
572 4437 710 4521 Ubique
746 4438 879 4518 codices
915 4438 1077 4504 fluctuant
1113 4440 1197 4504 inter
1229 4436 1358 4502 deditio
1383 4447 1418 4502 et.
