3254 5212
813 536 853 615 58

274 736 406 799 XXIIII
434 752 486 818 29.
507 745 616 818 priene
644 747 667 800 t.
695 737 764 801 Cic.
784 739 827 800 ad
844 737 887 820 Q.
907 739 943 802 lr.
964 740 993 801 II
1014 757 1042 818 3.
1062 739 1153 832 Suet.
1170 740 1260 820 Aug.
1274 757 1329 817 40.
1349 777 1392 786 -
1425 795 1427 798 .

320 993 404 1055 CAP.
433 1008 486 1073 57.
537 996 599 1056 Pro
624 995 841 1058 celebrarunt
874 997 988 1078 procul
1023 996 1127 1058 dubio
1153 996 1392 1058 restituendum

273 1129 321 1180 est
366 1121 601 1197 celebrabant,
642 1144 721 1186 ,cum
764 1126 958 1205 praesertim
1000 1080 1180 1206 seqdantur
1224 1124 1393 1186 iaciebant

272 1248 461 1311 dedicabat.
513 1250 640 1313 Notum
673 1254 761 1314 enirn
795 1263 844 1315 est
876 1264 1082 1334 quantopere
1105 1255 1236 1315 librarii
1261 1273 1393 1334 semper
1460 1301 1462 1315 .

271 1377 363 1437 verbi
389 1387 541 1458 tempora
566 1380 716 1455 turbent,
751 1381 844 1441 cuius
870 1382 914 1441 rei
941 1382 1096 1463 exempla
1129 1382 1253 1462 passim
1279 1401 1391 1442 excer-

235 1595 237 1599 .
271 1525 350 1587 pere
375 1507 461 1570 licet.

320 1761 403 1824 CAP.
431 1762 485 1842 65.
536 1763 571 1825 Si
605 1765 686 1844 quid
718 1765 817 1827 video
851 1774 961 1827 noster
994 1787 1057 1827 non
1092 1767 1223 1847 scripsit
1249 1775 1389 1826 mortem

271 1890 329 1951 scd
355 1900 495 1966 inertes,
524 1892 576 1952 cui
602 1893 728 1972 optime
753 1892 932 1973 respondet
957 1891 1127 1982 dedecora.
1179 1893 1316 1973 Insuper
1337 1891 1391 1953 hic

271 2018 407 2098 pluralis
441 2019 565 2080 indicat
598 2020 780 2081 identidem
814 2019 951 2080 domum
986 2019 1131 2099 Augusti
1159 2029 1265 2081 morte
1291 2018 1389 2080 deva-

270 2153 392 2208 statam
428 2166 517 2221 esse,
556 2145 647 2226 quod
680 2167 744 2207 non
771 2148 855 2209 inest
879 2147 1036 2228 singulari
1063 2167 1209 2209 numero
1259 2147 1389 2208 Mortes

269 2293 348 2334 vero
373 2274 501 2353 singula
528 2273 642 2335 lunera
680 2275 775 2335 nobis
801 2284 877 2336 ante
903 2274 1018 2336 oculos
1044 2275 1155 2356 ponit,
1183 2294 1290 2354 eoque
1317 2275 1388 2355 ipso

271 2402 389 2464 melius
425 2403 658 2482 gravissimum
695 2402 841 2482 Augusti
878 2402 1028 2464 dolorem
1054 2403 1218 2483 depingit;
1245 2411 1386 2462 inertem

267 2549 403 2590 suorum
450 2530 516 2592 lere
558 2530 645 2592 valet
665 2535 839 2609 'stragem
877 2551 942 2610 qua
980 2530 1028 2592 sui
1067 2550 1259 2610 supremum
1298 2528 1386 2590 diem

268 2656 442 2733 obierant',
477 2656 534 2718 sed
572 2658 706 2738 saepius
740 2658 866 2739 pallida
893 2679 980 2720 mors
1007 2657 1160 2720 Caesaris
1185 2667 1289 2718 turres
1315 2657 1386 2738 pul-

266 2786 360 2846 savit.
388 2783 438 2847 Cf.
465 2786 546 2849 Plin.
575 2787 638 2866 Ep.
666 2787 756 2850 VIII.
777 2786 816 2848 16
835 2797 969 2862 ,mortes
987 2786 1158 2848 meorum’.
1186 2786 1221 2846 ln
1240 2786 1386 2847 abstrac-

266 2918 375 2972 torum
408 2915 578 2974 nominum
612 2914 748 2994 pluralis
773 2916 900 2977 numeri
925 2915 1096 2977 tritissima
1125 2914 1292 2974 locutione
1318 2912 1382 2973 alia

267 3042 423 3122 exempla
449 3042 572 3104 addere
596 3044 718 3105 taedet.

314 3297 388 3359 CAP
414 3315 467 3376 71.
519 3299 618 3360 Lusit
643 3337 686 3344 —
698 3310 944 3380 praeterquam
964 3296 1144 3359 Decembri
1161 3317 1285 3371 uwnse,
1304 3298 1387 3358 ullis

266 3444 392 3503 quoque
419 3425 525 3505 festis
557 3436 590 3485 et
619 3426 786 3508 profestis
822 3425 945 3487 diebus
997 3425 1172 3505 Augustus
1204 3425 1303 3503 igitur
1328 3445 1386 3504 per

265 3571 363 3612 omne
399 3554 474 3613 anni
512 3561 645 3632 tempus
682 3552 773 3613 aleae
810 3551 945 3613 indulsit
982 3552 1070 3632 (narn
1105 3552 1168 3612 hoc
1194 3561 1281 3612 certe
1308 3551 1383 3612 loco

265 3689 378 3742 nostro
402 3681 507 3742 inesse
532 3700 648 3741 omnes
674 3680 756 3741 mihi
774 3681 983 3762 concedent),
1004 3700 1063 3742 nec
1084 3687 1118 3740 ut
1136 3681 1236 3740 ceteri
1256 3699 1381 3741 morem

265 3809 421 3883 curabat,
467 3828 534 3888 quo
579 3809 741 3888 imprimis
777 3808 956 3869 Decembri
996 3828 1108 3869 mense
1144 3807 1217 3868 alea
1254 3827 1382 3888 pernox

262 3935 440 3998 ludebatur
464 3971 507 3978 —
534 3935 625 4012 ,dum
656 3935 779 3997 blanda
803 3956 908 4016 vagus
934 3935 1006 3997 alea
1031 3904 1220 3996 December
1245 3936 1381 3998 Incertis

263 4073 359 4126 sonat
384 4063 461 4125 hinc
486 4072 518 4125 et
543 4063 620 4124 hinc
646 4061 804 4143 lritillis'1)
820 4061 936 4124 —sed
961 4063 1062 4124 etiam
1088 4063 1188 4138 aliaS,
1217 4072 1252 4125 ut
1271 4065 1383 4145 lepide

264 4193 334 4274 ipse
351 4193 454 4268 dixit,
473 4193 580 4254 forum
598 4191 794 4254 aleatorium
808 4191 1035 4254 calefaciebat.
1063 4190 1179 4274 Atque
1193 4192 1256 4253 hoc
1270 4193 1378 4275 ipsum

297 4472 314 4531 r)
350 4469 427 4517 Mart.
445 4467 490 4516 IV.
512 4481 549 4529 14.
570 4479 592 4528 7.
