3254 5212
832 525 872 588 18

290 726 609 813 consecraveratque
634 728 759 793 Caesar
782 748 841 792 eos
864 727 963 792 ludos
992 727 1115 792 Veneri
1141 725 1329 804 Genetrici,
1360 725 1412 789 cui

291 855 423 919 aedem.
457 865 534 919 ante
571 876 719 938 pugnam
760 856 988 919 Pharsalicam
1024 865 1138 919 votam
1175 857 1207 919 in
1245 856 1317 918 soro
1353 874 1413 918 suo

292 991 504 1046 exstruxerat
516 983 549 1066 ¹).
601 982 703 1045 Nullo
734 983 834 1063 igitur
859 983 960 1046 modo
986 982 1161 1064 Augustus
1191 982 1287 1046 ludos
1317 981 1415 1045 edere

292 1111 402 1193 potuit
427 1120 620 1174 consecrato
646 1112 675 1173 ei
702 1111 754 1174 ie.
782 1113 814 1173 in
847 1112 1008 1174 honorem
1040 1110 1194 1174 Caesaris
1218 1111 1412 1174 consecrati.

292 1237 365 1300 Nec
389 1237 431 1299 de
456 1237 530 1300 aliis
556 1221 643 1300 ludis
667 1238 723 1301 hic
740 1239 958 1320 cogitandum
976 1259 1048 1302 esse
1073 1238 1173 1302 docet
1197 1238 1288 1320 Aug.
1323 1239 1413 1322 102).

290 1365 411 1446 Itaque
435 1364 607 1446 vulgatam
638 1364 757 1446 primo
793 1375 1003 1429 consecratos
1038 1366 1073 1430 ei
1102 1366 1187 1430 tueri
1211 1365 1334 1442 velini,
1361 1365 1414 1429 ie.

294 1491 471 1573 Augustus
484 1492 593 1574 primo
610 1492 685 1555 loco
703 1492 800 1556 ludos
821 1504 1033 1557 consecratos
1042 1489 1101 1576 3)a
1120 1493 1263 1558 Caesare
1282 1493 1414 1557 edebat.

276 1619 353 1702 *Ad
379 1619 530 1682 dativum
555 1640 616 1702 pro
648 1641 669 1682 a
695 1641 772 1683 cum
796 1622 945 1685 ablativo
969 1622 1012 1685 cl.
1040 1620 1136 1686 Caes.
1165 1638 1227 1699 20,
1261 1621 1356 1703 Aug.
1387 1639 1414 1685 1.

294 1747 495 1810 Rectissime
535 1748 946 1830 Baumgarten-Crusius
988 1749 1147 1813 iudicavit
1179 1749 1269 1812 hunc
1306 1749 1415 1831 ipsum

294 1874 445 1939 dativum
462 1876 615 1938 librarios
632 1875 805 1958 decepisse
823 1877 931 1958 iisque
948 1898 1084 1940 causam
1102 1876 1203 1940 luisse
1221 1899 1289 1960 qua
1304 1877 1416 1940 locum

292 2003 525 2086 depravarent.
576 2001 661 2065 Cum
694 2001 845 2066 Suetonii
882 2014 994 2074 autem
1028 2005 1103 2068 loco
1136 2006 1300 2088 imprimis
1325 2026 1415 2069 com·

292 2132 461 2215 parandus
477 2140 528 2194 est
543 2130 627 2194 Plin.
646 2130 689 2194 N.
709 2130 753 2194 H.
772 2130 803 2192 II
822 2147 839 2192 2
846 2146 877 2211 5.
904 2131 1014 2212 „ludis
1028 2155 1113 2215 quos
1130 2133 1276 2198 faciebat
1293 2133 1416 2196 Veneri

293 2260 485 2336 Genetrici,
522 2280 588 2323 non
621 2258 726 2322 inulto
751 2268 828 2341 post
860 2261 989 2324 obitum
1015 2263 1119 2344 patris
1145 2261 1331 2340 Caesaris’',
1360 2263 1416 2324 ubi

294 2389 395 2452 etiam
420 2388 537 2452 stellae
562 2389 700 2452 crinitae
725 2388 850 2451 mentio
876 2389 923 2453 fit.

754 2661 953 2670 ——.

339 2889 438 2955 Auo.
465 2888 550 2953 CAP.
581 2905 632 2952 10.
681 2888 783 2953 Plane
809 2911 863 2953 me
887 2890 973 2972 sugit
997 2911 1055 2953 cur
1079 2890 1226 2953 Rothius
1251 2890 1414 2973 receperit

293 3016 471 3085 lectionem
497 3014 765 3094 translativum,
795 3038 898 3100 quam
924 3037 989 3079 non
1014 3017 1077 3080 nisi
1103 3018 1136 3080 in
1161 3018 1236 3081 cod.
1263 3017 1412 3080 Harlem.

292 3145 482 3210 exhibitam
516 3145 665 3222 invenio,
701 3165 762 3227 pro
790 3146 920 3228 vulgari
946 3167 1054 3228 eaqua
1079 3146 1207 3228 optima
1233 3146 1415 3228 tra(rts)la·

295 3271 427 3335 ticium.
477 3271 567 3334 Nam
601 3273 855 3336 usitatissimum
889 3282 939 3336 est
962 3272 1103 3335 verbum
1130 3272 1323 3336 tralv'ticc'us
1350 3273 1415 3354 sig-

294 3400 485 3462 nificatione
509 3398 683 3481 vulgaris,
708 3399 831 3462 solitus
854 3399 896 3462 cl.
923 3398 1103 3462 Ruhnken.
1123 3398 1166 3461 ad
1185 3398 1217 3462 h.
1237 3399 1274 3478 l.;
1301 3409 1415 3462 contra

295 3526 525 3590 translations
541 3526 644 3588 habet
659 3526 939 3608 significationem
953 3527 1113 3604 activam,
1136 3548 1239 3610 quam
1253 3528 1416 3614 illustrant

295 3653 380 3718 tales
405 3653 469 3715 loci
493 3653 611 3736 quales
636 3663 713 3716 sunt
737 3653 807 3718 Cic.
834 3653 877 3716 de
901 3654 969 3718 Inv.
996 3654 1029 3731 l,
1061 3671 1112 3718 10.
1162 3617 1350 3737 QuintsIll
1374 3653 1414 3732 6,

300 3795 361 3860 52,
389 3794 444 3861 75.
470 3779 587 3862 Atque
612 3781 644 3843 in
670 3781 859 3844 universum
884 3781 1012 3844 formae
1038 3782 1070 3844 in
1088 3779 1178 3846 -v'ous
1195 3781 1416 3864 assignandae

294 3881 374 3973 ¹sunt
398 3910 627 3991 grammaticis
650 3908 702 3972 vel
728 3907 934 3986 rhetoribus,
973 3919 1116 3992 excepto
1141 3911 1306 3975 duntaxat
1335 3908 1417 3974 iusi·

296 4094 501 4105 .—-.———·

331 4207 351 4266 1)
387 4202 485 4253 Preller
501 4201 530 4252 ll.
549 4201 637 4264 1444.
672 4201 742 4266 App.
760 4204 789 4251 B.
808 4218 829 4252 c.
848 4202 933 4253 1168.

332 4292 354 4351 α)
390 4288 419 4337 C.
438 4288 458 4338 Ι.
476 4287 612 4349 L.I397.

332 4372 355 4435 3)
390 4371 430 4422 Cf.
458 4372 527 4436 Aug.
551 4384 584 4435 29
609 4371 717 4434 „aedem
741 4371 920 4422 consecravit”
947 4371 1003 4422 Cal.
1027 4380 1058 4436 25
1083 4370 1202 4436 „gladios
1227 4373 1266 4423 c.”
1289 4373 1359 4436 Aug.
1379 4370 1418 4423 18.

297 4461 371 4512 Nero
391 4471 429 4510 12.
447 4458 516 4522 Aug.
537 4470 558 4506 1.
575 4473 638 4520 „ara
656 4458 831 4507 consecrata.”
