3254 5212
778 535 817 598 61

241 757 316 799 cum
342 736 542 818 elegantiam
566 737 672 819 magis
698 738 775 801 inde
799 747 970 802 assecutus
996 747 1064 815 est,
1090 736 1181 818 quod
1207 737 1364 800 sententi-

241 885 334 926 arum
373 866 513 946 ineptias
549 865 738 948 spernebat.
804 868 912 949 Ipsius
952 865 1102 930 Suetonii
1139 865 1252 929 stilum
1286 886 1362 928 cum

241 992 387 1075 Augusti
412 1014 608 1077 comparare
632 996 750 1076 possis.

287 1114 495 1202 Ergo'vocis
524 1121 734 1184 concinnitas
762 1122 964 1203 significatio
997 1142 1100 1203 quam
1130 1120 1274 1185 indicavi
1299 1122 1364 1185 huc

241 1249 377 1312 omnino
402 1271 467 1312 non
494 1249 647 1332 quadrat.
698 1249 755 1313 Ad
780 1249 940 1313 tuendam
962 1251 1061 1331 igitur
1086 1251 1264 1313 lectionem
1288 1271 1362 1312 con-

240 1376 408 1438 cinnitate
425 1377 620 1458 confugiunt
638 1377 680 1440 ad
699 1378 805 1454 locos,
826 1379 882 1441 ubi
898 1379 962 1441 hoc
978 1379 1144 1441 vocabulo
1169 1379 1363 1460 designatur

240 1505 429 1584 quaesitum
449 1506 621 1587 quoddam
645 1507 778 1570 dicendi
796 1527 919 1587 genus,
943 1508 974 1569 in
997 1527 1064 1589 quo
1085 1506 1236 1587 neglecta
1254 1506 1363 1568 elocu-

241 1632 339 1693 tionis
372 1633 609 1714 perspicuitate
643 1654 745 1713 quam
777 1636 924 1697 maxime
960 1635 1200 1696 sententiarum
1235 1634 1362 1696 formae

242 1769 343 1840 atque
368 1761 498 1822 ornatui
530 1781 632 1841 opera
666 1761 781 1837 datur,
808 1763 900 1842 quod
931 1763 989 1842 qui
1015 1762 1161 1838 faciunt,
1188 1770 1361 1824 externam

240 1889 387 1968 speciem
409 1889 652 1969 politissimam
665 1897 766 1969 atque
793 1889 939 1950 maxime
957 1889 1100 1951 levatam
1126 1887 1269 1951 reddunt
1286 1909 1362 1950 cum

241 2016 438 2097 gravissimo
463 2037 564 2098 saepe
593 2017 780 2097 argumenti
806 2017 1030 2080 incommodo
1081 2016 1130 2078 At
1147 2015 1272 2078 nudum
1298 2016 1362 2078 hoc

240 2143 441 2206 vocabulum
477 2144 520 2206 de
557 2165 625 2226 quo
660 2145 792 2225 agimus
827 2145 859 2206 in
893 2143 1015 2207 malam
1048 2152 1178 2225 partem
1211 2142 1363 2223 accipere

242 2291 457 2355 nequaquam
489 2272 576 2336 licet.
628 2273 795 2336 Omnibus
828 2271 931 2349 locis,
958 2273 1015 2335 ubi
1049 2274 1096 2335 sic
1130 2270 1363 2353 accipiendum

241 2411 310 2478 est,
338 2423 381 2464 ex
407 2402 445 2464 iis
470 2422 557 2484 quae
584 2400 787 2484 praecedunt
820 2409 1045 2482 sequunturve
1072 2409 1234 2462 mutatam
1261 2401 1362 2480 signi-

238 2528 427 2591 ficationem
445 2529 603 2612 sumpsit,
622 2527 713 2609 quod
728 2535 839 2589 nostro
856 2528 930 2589 loco
946 2528 1015 2590 fieri
1033 2547 1131 2609 posse
1150 2547 1215 2589 non
1242 2525 1354 2588 cred0.

240 2655 367 2732 Nem0,
394 2656 511 2733 cred0,
539 2678 582 2718 ex
607 2656 842 2736 interpretibus
868 2654 922 2716 hic
940 2675 1015 2731 cum
1042 2655 1187 2734 eleganti
1213 2674 1251 2716 ac
1276 2663 1358 2716 tem-

238 2791 355 2862 perato
380 2783 526 2864 Augusti
551 2783 628 2845 stilo
658 2783 915 2846 concinnitatem
950 2783 1150 2863 coniungere
1175 2801 1240 2843 non
1268 2782 1361 2843 malit

239 2932 342 2991 quam
367 2921 502 2993 propter
519 2912 723 2992 praecedens
749 2911 888 2992 ineptiis
909 2911 990 2973 illud
1015 2910 1260 2973 sententiarum
1286 2929 1360 2971 con-

239 3038 407 3102 cinnitate
440 3041 472 3101 in
505 3038 628 3102 malam
658 3048 787 3121 partem
813 3040 979 3120 accipiat,
1016 3048 1051 3101 ut
1076 3059 1139 3119 eg.
1166 3038 1256 3120 apud
1282 3036 1359 3100 Sen.

241 3167 306 3248 Ep.
337 3182 411 3246 115.
440 3184 456 3247 3
485 3167 555 3228 lieri
582 3167 669 3229 licet.

287 3293 354 3355 Sed
380 3295 492 3356 omnia
517 3302 604 3356 recte
630 3314 664 3355 se
690 3293 876 3370 habebunt,
903 3289 938 3380 [si
965 3312 1096 3354 mecum
1122 3311 1139 3353 e
1163 3291 1295 3372 syllaba
1325 3291 1360 3352 in

200 3469 203 3474 .
241 3422 392 3483 elicueris
406 3421 533 3498 ninnz'n,
553 3421 644 3502 quod
662 3422 877 3483 coniunctum
895 3406 1216 3482 cum'concinnitate
1232 3418 1362 3481 deside-

241 3559 348 3613 ratum
374 3570 506 3613 sensum
533 3550 682 3631 praebet.
721 3548 896 3629 Augustus
912 3567 989 3610 cum
1013 3547 1252 3609 sententiarum
1271 3546 1361 3627 inep-

241 3679 304 3741 tias
321 3688 393 3741 tum
418 3679 516 3741 nimis
534 3677 723 3759 quaesitum
743 3675 887 3757 ideoque
911 3694 1012 3756 saepe
1030 3675 1209 3736 obscurum
1227 3672 1361 3735 dicendi

241 3826 345 3886 genus
363 3805 591 3887 improbabat,
618 3803 744 3885 quippe
761 3801 852 3883 quod
878 3821 1011 3864 sensum
1037 3801 1231 3863 obscuraret
1252 3798 1362 3862 occul-

241 3941 405 4015 taretque.
466 3932 554 3994 Hinc
592 3931 647 3992 illa
688 3938 844 4010 prompta
881 3937 914 3989 et
950 3927 1116 4009 profluens
1152 3925 1360 4009 eloquentia,

244 4082 346 4143 quam
371 4059 510 4123 Tacitus
523 4061 543 4141 ยน)
571 4060 603 4121 in
629 4059 785 4138 Augusto
811 4055 968 4118 laudavit.

292 4188 404 4270 Quam
417 4189 633 4270 praecipuam
650 4189 720 4250 eius
741 4206 854 4248 curam
879 4204 1011 4247 sensum
1032 4183 1135 4245 animi
1152 4183 1240 4244 clare
1253 4181 1364 4262 expri-

278 4402 298 4460 ฮน)
335 4399 404 4448 nnn.
422 4399 495 4447 x1u.
516 4411 538 4460 3.
