3254 5212
789 483 886 586 aa

249 707 313 771 hoc
345 718 479 792 tempus
512 709 744 773 Romanorum
776 711 913 774 omnino
946 732 1011 774 non
1043 711 1225 790 referebat,
1256 720 1367 776 utrum

248 834 470 899 Alexandrini
507 859 584 900 eum
621 840 827 922 expellerent
864 860 906 901 an
943 861 1019 903 non.
1077 839 1232 904 Graviter
1268 840 1369 922 igitur

248 963 427 1028 Suetonius
453 976 571 1049 peccat
606 967 638 1029 in
676 967 775 1029 rebus
811 967 927 1029 ordine
964 966 1156 1030 enarrandis
1173 967 1205 1050 Ι).
1255 967 1368 1050 Quare

248 1103 305 1156 aut
333 1105 482 1158 nostrum
515 1105 660 1158 statuere
697 1096 860 1158 debemus
895 1117 947 1158 res
979 1095 1063 1158 falso
1088 1094 1283 1172 tradidisse,
1311 1106 1368 1160 aut

247 1223 338 1304 quod
372 1224 454 1287 mihi
488 1233 656 1307 praestare
687 1225 819 1288 videtur
854 1225 958 1286 verba
986 1224 1063 1287 inde
1095 1225 1229 1308 aquoa'
1262 1217 1368 1307 usque

247 1352 289 1415 ad
323 1372 376 1414 res
408 1352 564 1415 cancellis
590 1353 774 1429 includere,
802 1363 837 1416 ut
862 1355 1146 1436 perversissimam
1171 1355 1368 1438 explicatio-

247 1501 323 1542 nem
347 1480 619 1562 praecedentium
644 1489 786 1543 uauctus
813 1480 1094 1544 extraordinarii
1116 1481 1256 1562 z'ruperii
1277 1501 1368 1543 occa·

245 1608 379 1672 sionem.
421 1607 518 1671 Alias
551 1618 663 1672 autem
696 1630 761 1672 non
794 1619 919 1673 temere
951 1611 1054 1672 verba
1079 1609 1193 1692 aliqua
1217 1610 1368 1674 eicienda

246 1757 317 1800 esse
342 1736 527 1798 censuerim
553 1735 647 1813 iden,
675 1737 766 1818 quod
784 1757 835 1800 res
853 1738 925 1820 ipsa
943 1739 986 1800 ab
1004 1738 1071 1801 alio
1088 1737 1184 1802 aliter
1200 1747 1366 1816 narretur,

245 1865 304 1928 sed
329 1873 442 1928 nostro
467 1865 541 1926 loco
564 1885 605 1928 ne
631 1866 663 1927 in
688 1875 883 1930 contextum
909 1865 1046 1948 quidem
1071 1865 1248 1949 quadrant.

291 1993 404 2076 Quid?
452 1992 577 2057 Caesar
609 1995 820 2057 occasionem
853 2004 993 2058 nanctus
1026 2003 1076 2058 est
1101 1995 1249 2077 imperii,
1275 1995 1367 2076 quod

244 2121 467 2185 Alexandrini
500 2142 613 2203 regem
638 2141 735 2184 suum
761 2121 959 2204 expulerant
985 2130 1018 2185 et
1041 2142 1094 2184 res
1117 2121 1218 2203 vulgo
1244 2123 1366 2204 impro-

245 2251 408 2314 babatur?
433 2250 530 2333 Quae
547 2251 619 2313 res?
645 2249 749 2331 Regis
767 2249 932 2332 expulsio,
963 2250 1060 2333 Quae
1077 2250 1259 2333 explicatio
1280 2250 1365 2315 iusta

244 2390 347 2458 esset,
369 2381 396 2442 si
418 2380 460 2443 de
473 2400 551 2461 rege
565 2380 598 2442 in
612 2379 810 2462 Aegyptum
833 2377 1023 2442 reducendo
1040 2388 1118 2443 tunc
1131 2390 1242 2443 actum
1260 2388 1363 2457 esset,

244 2508 335 2590 quod
368 2507 504 2570 demum
538 2528 567 2570 a.
605 2509 645 2587 58
681 2507 728 2571 fit.
783 2508 898 2590 Ipsum
932 2507 1033 2588 igitur
1067 2507 1266 2590 imperium?
1315 2506 1365 2570 At

156 2627 159 2634 ¹
242 2637 370 2713 hercle,
397 2637 530 2699 occasio
555 2657 634 2699 sane
659 2621 727 2698 non
758 2636 834 2698 ideo
860 2646 939 2719 apta
964 2645 1031 2713 est,
1067 2635 1158 2718 quod
1185 2636 1363 2718 imperium

243 2765 342 2845 vulgo
380 2765 597 2846 improbatur.
647 2762 858 2845 Quocunque
895 2763 1010 2826 oculos
1034 2763 1156 2840 verti5‚
1193 2763 1224 2824 in
1248 2762 1365 2845 spissis

241 2894 385 2956 tenebris
421 2893 530 2955 lucem
556 2892 675 2955 frustra
701 2893 845 2973 quaeris
896 2892 949 2954 Tu
977 2893 1076 2973 igitur
1104 2911 1236 2955 mecum
1262 2892 1364 2955 verba

240 3019 330 3104 quod
353 3041 458 3102 usque
479 3019 521 3082 ad
540 3040 611 3096 res,
639 3028 674 3081 ut
691 3019 897 3081 extrinsecus
915 3016 1006 3080 illata
1023 3041 1043 3081 a
1061 3018 1210 3100 quodam
1227 3019 1363 3083 librario

240 3171 291 3212 res
316 3150 431 3230 populi
449 3150 595 3212 Romani
613 3169 715 3231 quam
735 3149 881 3211 maxime
898 3148 1071 3225 turbante,
1099 3149 1200 3212 eicias
1219 3150 1363 3231 reliqua-

240 3297 306 3358 que
340 3277 429 3339 hunc
466 3277 498 3339 in
535 3277 674 3339 modum
700 3277 899 3340 constituas:
929 3275 1163 3352 occasionem„
1194 3276 1286 3355 Quae
1310 3299 1362 3341 res

237 3404 341 3486 uulgo
367 3404 635 3485 improbabatur.
661 3405 731 3470 Nec
755 3404 904 3467 obtinuit
929 3425 1018 3486 eqs,
1054 3405 1111 3466 ubi
1136 3405 1249 3468 omnia
1274 3414 1362 3469 recte

239 3532 434 3615 procedunt.
496 3532 570 3594 Nisi
606 3532 690 3594 sorte
727 3533 833 3594 mavis
865 3541 1010 3595 statuere
1048 3542 1124 3616 post
1160 3532 1360 3595 occasionem

238 3659 367 3740 aliquot
392 3659 494 3721 verba
516 3659 681 3721 excidisse
703 3660 826 3740 quibus
850 3668 939 3722 recte
965 3660 1169 3744 explicatur,
1188 3660 1360 3742 quomodo

239 3787 325 3850 hanc
351 3789 563 3850 occasionem
605 3797 743 3851 nanctus
779 3789 834 3851 sit.
857 3825 901 3834 -
932 3788 1007 3850 Hoc
1037 3790 1153 3871 utique
1179 3790 1261 3852 mihi
1283 3810 1360 3853 con·

237 3925 324 3979 stare
348 3916 480 3979 videtur
515 3917 619 3978 verba
654 3936 707 3978 ras
744 3915 1003 3997 improbabatur
1039 3937 1116 3978 cum
1140 3918 1357 4000 sequentibus

237 4065 309 4108 esse
335 4045 578 4126 coniungenda.
606 4081 649 4090 -

234 4447 236 4452 “
272 4463 291 4522 1)
327 4459 366 4511 cr.
385 4459 511 4510 uernae
530 4459 598 4512 urst.
617 4461 630 4510 1
651 4469 720 4524 11511.
739 4459 884 4512 Drumann.
903 4461 952 4512 111.
973 4461 1028 4524 146.
