3254 5212
802 533 847 594 40

307 725 393 792 CAP.
425 725 476 792 16.
527 726 627 790 donec
658 725 755 789 amba
784 725 1087 790 administratione
1108 727 1381 791 sniinoaerentnr

260 853 441 918 Fluctuant
465 854 598 917 codices
624 855 708 918 inter
738 873 764 918 1.
791 856 835 918 ab
861 855 1148 919 administratione

734 1000 765 1046 2.
861 982 1149 1046 administratione

734 1129 764 1192 3.
861 1113 905 1174 ab
930 1113 1180 1175 ministratione.

258 1239 346 1301 unde
382 1238 491 1302 elucet
515 1240 691 1321 archetypi
717 1239 894 1302 lectionem
928 1241 1029 1303 fuisse
1058 1239 1377 1318 administratione,

255 1369 335 1450 quia
361 1370 458 1432 tertia
492 1369 592 1433 lectio
628 1391 694 1432 non
731 1345 793 1432 nisi
830 1391 873 1433 ex
904 1371 1051 1433 secunda
1082 1371 1245 1453 profluere
1270 1371 1379 1452 potuit
1435 1379 1439 1384 “

255 1497 468 1580 primamque
502 1518 545 1559 ex
569 1499 716 1560 secunda
741 1509 850 1561 ortam
876 1519 948 1561 esse
973 1500 1005 1561 in
1031 1508 1189 1581 promptu
1218 1507 1277 1561 est.
1317 1498 1378 1561 Ce-

255 1633 362 1688 terum
392 1625 517 1706 ubique
550 1625 640 1708 apud
673 1625 871 1688 Suetonium
901 1627 1027 1689 nudum
1052 1626 1249 1689 Ablativum
1274 1627 1377 1688 verbo

253 1753 476 1816 submovendi
494 1754 688 1817 adiunctum
707 1755 862 1817 invenies.
900 1755 1099 1818 Rectissime
1117 1755 1217 1835 igitur
1233 1754 1377 1817 Rothius

253 1882 379 1963 recepit
404 1881 582 1944 lectionem
607 1881 921 1946 administratione.

301 2009 351 2073 Cf.
380 2009 476 2073 Caes.
502 2011 556 2073 28.
594 2009 686 2091 Aug.
713 2028 776 2089 44,
803 2025 859 2090 45.
886 2010 965 2074 Tib.
991 2009 1046 2089 46.
1082 2011 1200 2075 Claud.
1227 2030 1259 2093 9.
1286 2012 1376 2076 Nero

253 2154 316 2216 24,
357 2157 431 2219 34,
469 2159 577 2220 neque
614 2137 794 2201 Suetonius
831 2139 864 2200 in
893 2139 1082 2201 universum
1113 2142 1376 2222 praepositiones

251 2265 283 2327 in
309 2266 438 2329 deliciis
464 2267 578 2330 habet.
597 2303 641 2312 -
661 2267 755 2330 Haec
781 2267 938 2349 exempla
963 2288 1003 2328 co
1021 2267 1178 2362 libentius
1202 2271 1373 2350 congessi,

251 2395 343 2476 quod
368 2396 439 2457 sine
464 2395 569 2458 dubio
587 2396 735 2458 nonnulli
761 2395 851 2478 apud
878 2394 1075 2457 Suetonium
1095 2395 1177 2472 loci,
1205 2398 1262 2458 ubi
1281 2419 1374 2479 prae-

249 2523 374 2604 positio
399 2524 625 2607 expungenda
650 2533 717 2602 est,
746 2524 823 2586 inde
848 2523 1018 2586 emendari
1045 2533 1192 2606 possunt.
1244 2525 1294 2588 Cf.
1322 2547 1374 2589 me

249 2647 293 2719 ad
318 2647 411 2729 Aug.
439 2647 495 2712 68.
522 2686 566 2695 -

293 2902 380 2966 CAP.
419 2919 473 2966 20.
523 2903 706 2966 Incidimus
744 2906 784 2966 in·
814 2906 950 2969 solitum
987 2906 1197 2969 librariorum
1228 2929 1372 2970 errorem

238 3030 380 3110 priinns
416 3039 450 3094 et
477 3030 635 3113 priinnrn
663 3032 747 3094 inter
772 3052 807 3094 se
833 3034 1104 3113 permutantium.
1155 3035 1244 3097 Nam
1272 3037 1373 3100 verba

246 3156 333 3219 inito
371 3157 493 3220 honora
521 3159 662 3240 primns
699 3159 848 3221 ornninrn
888 3161 931 3222 ab
968 3162 1058 3223 omni
1086 3170 1181 3243 parte
1209 3163 1372 3226 laborant.

245 3283 386 3366 Optimo
412 3285 500 3348 enim
527 3286 597 3349 iure
622 3289 833 3369 quaerimus,
853 3310 996 3370 quorum
1022 3291 1149 3372 primus
1174 3291 1257 3353 haec
1275 3313 1373 3354 sanx-

250 3411 321 3475 erit.
372 3411 545 3495 Quicquid
579 3425 691 3477 mente
724 3418 861 3502 supples
904 3420 980 3501 (eg.
1023 3419 1214 3494 consulum,
1253 3421 1374 3501 magis-

241 3539 401 3622 tratuum)
439 3561 575 3622 semper
613 3541 781 3606 claudicat
807 3566 939 3622 sensus,
966 3547 1045 3628 quia
1070 3544 1232 3608 Suetonio
1258 3549 1373 3629 utique

246 3668 461 3731 scribendum
487 3679 558 3731 erat
576 3671 716 3750 primns
740 3674 845 3736 nihilo
871 3675 1014 3738 adiecto.
1052 3676 1154 3736 Porro
1181 3676 1252 3757 ipsa
1277 3698 1373 3739 accu-

247 3804 319 3856 rata
354 3795 516 3876 temporis
552 3795 704 3859 definitio
744 3799 869 3863 indicat
904 3802 959 3864 hic
997 3804 1051 3884 agi
1077 3803 1119 3865 de
1145 3805 1202 3879 iis,
1229 3825 1316 3885 quae
1342 3806 1373 3866 in

249 3922 344 3984 initio
369 3930 428 3984 aut
452 3943 516 4004 eg.
544 3925 576 3986 in
603 3925 667 3987 fine
694 3928 883 3993 instituerit.
922 3932 951 3992 E
977 3933 1108 3994 traditis
1134 3940 1246 3994 autem
1263 3934 1373 3996 verbis

245 4047 332 4111 inito
367 4049 491 4112 honore
519 4052 658 4132 primns
695 4055 853 4118 institnit
889 4057 986 4120 facile
1024 4059 1148 4120 efficias
1184 4080 1261 4122 eum
1297 4069 1373 4123 ante

245 4176 407 4240 honorem
440 4178 559 4241 initum
592 4181 658 4243 hoc
692 4203 758 4244 non
792 4185 938 4264 primum
972 4187 1121 4249 omnium
1146 4187 1372 4250 instituturum

245 4304 358 4370 fuisse.
405 4305 621 4370 Manifestum
649 4309 749 4390 igitur
774 4320 825 4373 est
845 4311 899 4373 hic
917 4315 1039 4395 requiri
1049 4314 1205 4395 prininnz
1224 4317 1371 4380 ornnimn

248 4434 304 4516 (ex
341 4433 507 4497 contrario
544 4433 640 4498 Caes,
681 4434 724 4515 56
758 4436 899 4501 Ursinus
931 4451 1021 4504 recte
1043 4443 1199 4526 primurn
1229 4448 1373 4513 correxit
