3254 5212
757 543 802 607 49

222 727 321 810 sqq.).
378 729 552 791 Praeterea
584 730 603 809 §
636 727 658 790 6
691 729 832 811 legimus
859 729 984 793 titulus
1014 729 1134 813 spoliis
1159 730 1344 813 inscriptas

221 857 240 936 ς
267 873 284 935 7
308 854 343 918 ia
362 855 499 917 thorace
517 854 622 917 linteo
638 855 816 937 scriptam.
844 856 965 939 Neque
981 856 1127 940 denique
1144 859 1237 922 locus
1254 858 1344 941 apud

223 985 312 1046 Flor.
326 984 366 1046 ΙΙ.
382 1001 414 1047 2.
438 1000 495 1060 14,
515 983 595 1044 licat
611 984 705 1046 aileil
715 984 895 1066 scripserit
906 986 1070 1068 sanguine
1082 987 1148 1050 huc
1161 988 1344 1070 quicquam

222 1112 312 1176 iacit.
363 1111 484 1194 Neque
509 1133 588 1175 vero
614 1113 706 1176 locos
731 1113 869 1177 laudare
894 1114 987 1192 licet,
1014 1117 1072 1178 ubi
1096 1115 1242 1179 scribere
1257 1115 1347 1178 valet

223 1239 446 1316 conscribere,
473 1248 509 1303 ut
535 1261 599 1321 eg.
626 1240 718 1306 Curt.
746 1241 790 1305 X.
815 1259 915 1320 1.14.
943 1243 1041 1306 Mart.
1069 1241 1345 1323 I.'117,11.-

271 1367 349 1431 Sine
374 1367 478 1432 dubio
504 1368 604 1449 igitur
633 1369 812 1451 legendum
837 1380 904 1433 est:
934 1369 1174 1453 inscripsitque
1197 1371 1350 1435 Parcati

222 1495 389 1572 Patriae,
417 1495 491 1557 coll.
519 1495 609 1577 Aug.
636 1513 675 1577 7,
708 1513 757 1559 12.
786 1495 857 1561 Cal.
885 1499 915 1560 8.
943 1497 1011 1560 Vit.
1044 1513 1094 1560 10.

272 1623 349 1684 Non
374 1632 425 1685 est
449 1622 540 1704 quod
560 1625 718 1686 miremur
743 1623 909 1705 syllabam
936 1624 971 1686 in
988 1633 1066 1706 post
1087 1645 1203 1687 vocem
1220 1625 1348 1687 statuit

226 1750 442 1814 intercidisse.
470 1787 513 1796 -

273 2272 371 2336 AUG.
398 2271 483 2336 CAP.
515 2287 565 2351 17.
615 2272 728 2354 Vulgo
755 2275 787 2334 in
808 2273 982 2337 codicibus
999 2274 1158 2356 traditum
1176 2282 1227 2337 est
1243 2274 1348 2338 etiam

225 2402 265 2465 dc
293 2401 493 2483 Cleopatrae
519 2399 637 2464 liberis
662 2401 753 2464 inter
779 2402 913 2465 leoredes
929 2403 1151 2485 aecacapatis,
1178 2404 1239 2466 nisi
1258 2404 1350 2485 quod

228 2531 364 2591 Memm.
391 2528 494 2590 habet
518 2527 558 2589 o'e
586 2527 787 2609 Cleopatra,
814 2539 851 2591 ut
871 2531 972 2592 etiam
990 2527 1179 2592 Gronovius
1196 2529 1348 2593 coniecit.

230 2656 297 2720 Sed
337 2657 380 2720 ad
418 2657 504 2719 hanc
541 2657 718 2720 lectionem
756 2657 1003 2720 defendendam
1040 2658 1196 2739 exempla
1234 2658 1351 2720 afferre

228 2785 459 2867 supersedent,
478 2805 539 2847 nec
557 2785 653 2847 sacile
671 2785 762 2847 locos
780 2785 963 2866 reperient,
983 2786 1039 2847 ubi
1057 2793 1233 2847 occurrant
1248 2786 1350 2847 verba

228 2914 268 2976 a'e
296 2913 477 2997 Cleopatra
504 2913 608 2976 liberi
631 2935 691 2996 pro
718 2914 823 2977 liberi
846 2935 926 2995 qaas
949 2936 966 2976 e
989 2913 1172 2997 Cleopatra
1190 2925 1352 2995 procrea-

229 3052 338 3107 verat.
364 3042 405 3106 ci.
433 3041 651 3124 Oudendorp.
679 3042 722 3105 ad
749 3041 844 3106 Caes
873 3056 926 3121 52.

275 3168 456 3252 Quomodo
492 3179 604 3232 autem
638 3167 857 3232 Casaubonus
890 3168 932 3230 de
965 3167 1199 3248 emendatione
1224 3169 1351 3249 cogita·

227 3298 311 3361 verit
336 3297 375 3359 o'e
396 3296 578 3379 Cleopatra
594 3307 627 3359 et
643 3297 683 3359 cle
704 3296 904 3380 Cleopatrae
929 3295 1063 3374 liberis,
1089 3316 1155 3358 non
1174 3296 1349 3378 intelleg0‚

230 3444 436 3506 quamquam
460 3426 511 3488 vir
539 3424 754 3488 doctissimus
779 3433 868 3487 recte
894 3424 976 3487 mihi
994 3425 1204 3506 perspexisse
1221 3424 1352 3487 videtur

229 3551 438 3628 Antonium,
464 3552 491 3613 si
517 3551 629 3613 liberis
667 3573 751 3634 quos
783 3573 801 3614 e
834 3552 948 3633 regina
980 3551 1134 3634 Aegypti
1167 3551 1352 3615 sustulisset

229 3679 405 3762 pecuniam
438 3677 581 3742 aliamve
614 3699 683 3740 rem
708 3677 820 3759 legare
844 3678 1019 3755 voluisset,
1056 3679 1163 3759 ipsam
1189 3677 1354 3741 duntaxat

230 3807 444 3888 Cleopatram
493 3807 602 3888 primo
650 3806 724 3869 loco
773 3807 857 3870 inter
906 3797 1045 3869 heredes
1086 3816 1352 3889 nuncupaturum

230 3936 341 3998 suisse.
367 3971 411 3980 —-
438 3933 510 3996 Nec
536 3936 717 4017 quicquam
750 3935 943 4017 proficimus
975 3937 1166 3998 coniectura
1194 3934 1234 3996 de
1262 3934 1353 4000 Cleo-

222 4075 333 4148 patra
358 4073 391 4125 et
416 4061 544 4126 liberis.
594 4061 661 4126 Sed
695 4083 738 4124 ex
772 4061 867 4126 Caes.
897 4077 937 4142 52
969 4074 1002 4126 et
1030 4065 1200 4146 corruptio
1225 4073 1259 4125 et
1283 4083 1354 4125 cor-

231 4194 333 4256 rectio
358 4211 416 4273 per
441 4211 476 4253 se
502 4192 682 4272 patebunt,
721 4191 778 4253 ubi
816 4191 903 4252 enim
930 4211 990 4272 pro
1019 4190 1200 4272 Cleopatra
1234 4191 1353 4253 eodem

229 4322 310 4384 vitio
351 4339 527 4402 perperam
568 4319 728 4399 scriptum
769 4326 839 4380 erat
880 4317 919 4379 a'e
963 4314 1163 4400 Cleopatra,
1185 4319 1353 4381 ‘nimirum

225 4447 457 4535 dittographia
483 4447 666 4510 litterarum
683 4445 748 4508 ele·
771 4444 826 4506 Ex
844 4444 1063 4527 plurimorum
1082 4447 1182 4526 igitur
1199 4445 1353 4507 codicum

1192 4572 1215 4633 4
