3254 5212
776 556 820 623 45

283 743 419 824 „Nam”
445 746 553 828 inquit
578 747 635 826 „in
660 745 865 828 quibusdam
890 745 1140 829 exemplaribus
1165 745 1296 808 invenio
1317 765 1357 808 ne

238 874 430 955 inscriptam
457 874 595 956 quidem
614 885 682 955 pro
706 873 868 937 Metello''
896 852 973 957 (huc
1000 895 1105 957 usque
1132 875 1245 937 omnia
1269 884 1358 937 recte

236 1022 272 1062 se
296 1001 433 1084 habent)
451 1003 533 1082 „sed
551 1023 653 1086 quam
671 1004 805 1085 scripsit
822 1003 994 1068 Metello”.
1021 1002 1134 1085 Quid?
1155 1003 1358 1066 Probaturus

238 1127 372 1191 Caesari
406 1129 492 1192 hanc
517 1131 701 1193 orationem
727 1151 799 1193 esse
824 1129 1085 1193 abiudicandam
1113 1131 1197 1194 inter
1221 1151 1356 1207 causaS,

237 1259 359 1340 quibus
385 1259 430 1322 ita
455 1258 498 1321 de
519 1258 583 1321 hac
601 1279 635 1321 re
653 1268 795 1335 statuat,
815 1258 911 1321 affert
929 1259 1062 1321 titul-um
1081 1259 1241 1321 orationis
1258 1258 1359 1321 fuisse

236 1405 335 1468 quam
367 1385 508 1467 scripsit
541 1388 598 1470 (sc.
635 1387 769 1470 Caesar)
801 1386 963 1450 Metello?
1012 1387 1087 1450 Hoc
1120 1387 1190 1449 fieri
1224 1388 1357 1469 nequit;

212 1557 215 1566 ,
237 1535 297 1576 nec
322 1513 390 1576 ullo
408 1514 509 1576 modo
528 1514 652 1577 Caesar
668 1515 857 1578 subiectum
875 1535 948 1578 esse
965 1524 1075 1597 potest
1090 1515 1182 1578 verbi
1199 1514 1356 1595 scriptit,

236 1662 313 1704 nam
339 1641 404 1703 hoc
429 1652 517 1705 certe
543 1663 659 1705 omnes
684 1642 766 1705 mihi
784 1643 987 1719 concedent,
1009 1652 1179 1706 auctorem
1198 1644 1358 1706 orationis

236 1767 302 1829 dici
329 1768 440 1844 illum,
467 1769 525 1850 qui
551 1790 626 1830 eam
651 1770 822 1851 scripsisse
848 1769 989 1833 dicatur.

282 1894 474 1977 Sequuntur
498 1896 617 1972 verba,
644 1917 744 1975 „cum
770 1917 812 1958 ex
838 1917 980 1978 persona
1006 1897 1158 1960 Caesaris
1183 1919 1292 1961 sermo
1317 1900 1360 1961 sit

238 2020 410 2083 Metellum
444 2022 803 2105 seque—purgantis''.
858 2024 955 2107 Quae
988 2026 1015 2087 si
1047 2025 1185 2106 vulgata
1217 2025 1360 2088 lectione

241 2148 397 2211 standum
422 2159 472 2213 est
497 2160 648 2231 pugnant
673 2171 748 2213 cum
775 2151 1071 2233 praecedentibus,
1096 2174 1174 2215 nam
1192 2153 1219 2215 si
1236 2153 1361 2216 Caesar

237 2276 323 2338 hanc
341 2278 527 2341 orationem
545 2279 682 2342 Metello
707 2281 893 2361 scripsisset
918 2281 1139 2356 recitandam,
1157 2301 1201 2342 ex
1218 2301 1360 2362 persona

237 2404 376 2469 Metelli
398 2425 507 2468 sermo
533 2416 619 2469 esset
652 2406 829 2470 Caesarem
854 2429 958 2490 seque
984 2409 1174 2490 purgantis;
1200 2428 1301 2489 quem
1327 2408 1360 2470 in

240 2534 378 2596 modum
405 2535 471 2595 iam
496 2534 631 2615 Lipsius
657 2533 769 2597 locum
795 2535 958 2615 refingere
983 2537 1167 2617 proposuit.

284 2663 410 2726 Omnes
435 2683 520 2744 quas
546 2661 689 2724 indicavi
715 2661 929 2725 difficultates
954 2662 1126 2725 sustulisse
1147 2664 1229 2726 mihi
1246 2664 1363 2726 videor

237 2789 404 2871 corrigens
428 2810 527 2872 quam
556 2789 696 2870 scripsit
717 2788 896 2866 Metellus,
923 2790 1000 2852 licet
1023 2790 1170 2871 suspicio
1197 2789 1279 2852 mihi
1306 2810 1361 2851 ve-

238 2918 322 2979 nerit
353 2918 467 3000 aliqua
491 2918 714 2994 intercidisse,
741 2918 784 2980 ad
810 2938 897 3000 quae
923 2917 1103 3001 illaquam
1128 2917 1268 2999 scripsit
1291 2917 1362 2980 Me-

240 3043 341 3106 tellus
369 3044 481 3108 referri
505 3045 643 3127 possint.
693 3044 783 3106 Nam
808 3054 878 3106 tam
902 3045 1049 3126 vulgata,
1064 3066 1167 3127 quam
1192 3066 1231 3108 ea
1258 3066 1361 3127 quam

240 3174 397 3254 proposui
435 3173 534 3235 lectio
571 3173 629 3235 vix
664 3172 751 3235 tituli
784 3173 857 3235 vice
883 3172 975 3254 fungi
1001 3181 1150 3254 possunt.
1205 3171 1362 3236 Ceterum

239 3300 321 3362 nihil
357 3301 469 3363 obstat
505 3301 684 3382 quominus
722 3300 942 3364 admittamus
975 3299 1148 3363 Metellum
1175 3300 1361 3361 orationem

239 3429 466 3511 composuisse
498 3449 601 3510 quam
634 3429 787 3492 recitaret
818 3429 956 3505 Caesar,
991 3428 1118 3510 quippe
1144 3427 1197 3488 cui
1223 3426 1363 3493 sortasse

239 3566 371 3639 tempus
397 3555 528 3618 deesset
553 3576 629 3617 earn
655 3554 833 3618 scribendi.

287 3811 372 3874 CAP.
400 3809 454 3891 56.
504 3811 677 3872 Feruntur
711 3818 745 3870 et
780 3829 801 3869 a
833 3819 941 3890 puero
978 3818 1012 3870 rt
1035 3808 1077 3870 ab
1112 3805 1364 3872 adttlesceutulo

241 3939 404 4021 quaedam
427 3938 558 4021 scripta
596 3938 742 4000 Rothius
774 3937 865 4000 nulla
890 3937 1071 4000 lectionum
1096 3937 1256 3999 varietate
1274 3956 1364 3998 com-

242 4078 425 4132 memorata
471 4077 506 4130 ut
542 4066 694 4130 Suetonii
730 4066 833 4129 verba
870 4065 985 4127 edidit.
1045 4063 1113 4127 Sed
1148 4064 1259 4127 codex
1292 4063 1365 4126 Sal-

242 4197 337 4258 masii
368 4197 438 4258 sive
467 4195 692 4256 Memmianus
717 4193 857 4255 exhibet
873 4193 1045 4275 feruutur
1069 4200 1102 4252 et
1138 4190 1192 4253 ait
1212 4211 1292 4254 uero
1322 4189 1365 4251 ab

239 4321 504 4400 adulescentula,
532 4344 618 4404 eqs.;
645 4323 813 4385 Torrentii
839 4321 914 4384 libri
939 4321 1103 4400 feruutur
1126 4339 1204 4382 vero
1221 4319 1263 4381 ab
1281 4318 1365 4388 adu-

241 4449 430 4514 lescentulo,
456 4448 573 4532 Atque
598 4449 701 4513 etiam
725 4449 752 4512 si
774 4449 817 4512 de
834 4448 978 4513 lectione
986 4449 1158 4533 feruutur
1173 4455 1207 4509 et
1223 4467 1244 4508 a
1256 4456 1364 4528 puero
