3254 5212
743 493 811 582 27'

204 705 314 770 verbis
339 705 446 769 inesse
471 705 594 769 debeat
619 705 686 768 iam
704 704 867 782 indicavi,
888 724 1003 767 verum
1021 703 1103 766 nihil
1121 702 1231 766 habeo
1257 720 1325 782 quo

205 835 316 898 locum
340 835 392 898 vel
417 834 555 918 paulum
580 855 698 897 sanare
718 835 854 916 possim,
876 843 978 916 atque
996 843 1031 896 ut
1047 833 1141 895 aiunt
1163 821 1326 910 ἀσυμβόλῳ

207 963 288 1038 mihi
313 963 391 1028 hinc
415 962 648 1027 decedendum
674 971 733 1027 est.

254 1221 339 1286 CAP.
379 1236 432 1302 52.
501 1222 538 1283 In
579 1218 768 1302 parenthesi
814 1218 912 1280 liceat
958 1237 1092 1280 monere
1133 1225 1325 1299 praestare,

206 1349 297 1431 quod
318 1349 386 1412 iam
412 1346 672 1430 Oudendorpius
697 1368 740 1410 ex
764 1344 926 1410 Mediceis
943 1345 1049 1408 tribus
1070 1343 1184 1408 Cuiac.
1204 1343 1325 1426 Copes

206 1479 389 1560 protraxit,
405 1499 446 1540 ex
463 1477 555 1559 quis,
574 1497 650 1539 cum
668 1477 701 1538 in
718 1475 854 1556 reliquis
872 1483 1046 1537 exaratum
1071 1473 1114 1536 sit
1130 1493 1172 1533 ex
1188 1470 1325 1554 quibus,

205 1627 352 1689 quocum
378 1609 480 1671 etiarn
510 1605 734 1668 Memmianus
764 1602 948 1678 consentit,
987 1599 1172 1664 dummodo
1200 1599 1326 1662 litteras

206 1745 295 1798 recte
332 1737 536 1818 coniungens
572 1735 665 1816 legas
700 1754 742 1795 ex
770 1731 880 1813 queis,
918 1751 984 1792 non
1010 1737 1122 1792 autem
1154 1749 1259 1811 exque
1284 1725 1328 1790 iis

205 1863 247 1928 cs.
273 1863 363 1946 Aug.
392 1863 435 1944 36
460 1863 596 1948 inquis.
647 1863 761 1924 Neue²
791 1861 830 1924 F.
856 1860 886 1922 ΙΙ
913 1874 997 1939 232,
1025 1873 1102 1937 234.

253 2119 338 2183 CAP.
367 2134 420 2200 55.
471 2120 607 2183 Nemini
632 2120 769 2183 libertas
794 2125 852 2180 aut
876 2115 1088 2178 contumacia
1113 2112 1221 2176 fraudi
1239 2112 1323 2189 fuit,

205 2257 241 2311 ut
277 2248 325 2311 ait
354 2247 544 2312 Suetonius
606 2247 724 2329 Itaque
760 2244 935 2326 Augustus
972 2241 1155 2305 maledicos
1193 2239 1324 2303 libellos

204 2375 343 2438 omnino
368 2395 434 2437 non
471 2375 623 2456 expavit,
658 2372 717 2436 sed
751 2391 873 2454 magna
899 2391 977 2432 cura
1002 2369 1159 2433 studebat
1184 2369 1327 2451 probare

205 2521 244 2563 ea
275 2522 361 2582 quae
386 2500 450 2564 sibi
476 2501 702 2582 ingererentur
727 2499 810 2562 falsa
835 2520 924 2577 esse;
956 2520 997 2561 ne
1021 2499 1157 2560 nomina
1189 2497 1327 2578 quidem

205 2637 380 2692 auctorum
417 2628 602 2711 comperire
641 2636 780 2691 conatus
817 2635 883 2703 est,
919 2626 978 2688 sed
1016 2626 1080 2688 hoc
1106 2625 1214 2688 solum
1239 2626 1328 2689 cavit

205 2776 245 2817 ne
271 2757 346 2838 quis
378 2756 441 2818 sub
466 2756 576 2818 alieno
609 2756 743 2817 nomine
769 2756 892 2818 bonam
925 2754 1051 2817 famam
1085 2754 1225 2817 alicuius
1258 2774 1327 2816 ma-

205 2884 340 2947 cularet.
390 2883 439 2947 At
464 2883 575 2946 hercle
611 2883 695 2946 haec
727 2883 840 2945 omnia
878 2884 1026 2946 maxime
1064 2885 1148 2945 inter
1183 2904 1219 2946 se
1244 2903 1327 2965 pug-

206 3023 294 3076 nant.
346 3011 412 3094 Qui
438 3011 569 3074 libellos
594 3010 637 3074 de
666 3032 701 3074 se
726 3031 861 3093 sparsos
886 3012 1016 3074 curiose
1040 3012 1183 3088 refutat,
1211 3012 1328 3074 metuit

206 3160 246 3201 ne
271 3139 348 3201 inde
381 3139 444 3200 sibi
471 3139 607 3201 infamia
633 3139 775 3215 oriatur;
808 3139 870 3219 qui
897 3148 1009 3201 autem
1044 3160 1101 3202 eos
1133 3160 1199 3201 non
1227 3159 1331 3220 expa-

205 3267 325 3343 vescit,
352 3286 417 3328 non
443 3269 591 3330 moratur
615 3287 676 3330 nec
702 3267 903 3348 ignominias
928 3287 1012 3348 quas
1029 3266 1132 3329 libelli
1158 3267 1328 3330 continent

205 3394 315 3456 eluere
339 3402 489 3458 conatur.

252 3520 325 3584 Aut
370 3521 470 3602 igitur
506 3522 669 3585 rationem
707 3522 810 3586 habet
847 3543 962 3585 eorum
999 3520 1188 3584 libellorum
1225 3531 1327 3605 atque

207 3649 315 3713 irritos
351 3648 490 3712 reddere
526 3648 655 3726 studet,
694 3651 751 3711 ubi
785 3670 846 3731 par
871 3659 921 3712 est
945 3671 1021 3712 eum
1047 3651 1149 3713 etiarn
1174 3660 1326 3715 auctores

207 3777 436 3859 requisivisse,
463 3786 521 3839 aut
545 3777 585 3839 iis
610 3776 746 3838 omnino
771 3797 837 3838 non
854 3775 1052 3840 sollicitatur
1064 3777 1085 3859 ¹)
1103 3799 1142 3840 ac
1160 3800 1200 3841 ne
1216 3781 1325 3862 requi-

207 3905 277 3967 sitis
294 3904 431 3986 quidem
449 3905 641 3968 auctoribus
659 3903 757 3986 plane
775 3902 939 3985 neglegit,
966 3903 1090 3966 nedum
1108 3906 1327 3972 contradicat

207 4033 396 4114 opprobriis
429 4032 492 4094 sibi
527 4033 653 4094 inustis
705 4030 790 4093 Cum
825 4040 936 4093 autem
971 4031 1053 4108 hoc,
1087 4053 1152 4095 non
1178 4032 1258 4096 illud
1283 4035 1326 4097 de

207 4159 364 4242 Augusto
397 4160 565 4237 tradatur,
601 4159 677 4222 inde
710 4161 861 4242 sequitur
890 4168 925 4223 ut
950 4180 1009 4242 pro
1034 4169 1068 4222 et
1092 4181 1217 4243 magna
1242 4183 1325 4225 cura

241 4439 261 4497 1)
296 4435 336 4488 Cf.
354 4415 465 4486 similem
484 4436 571 4488 locum
590 4453 629 4502 cp.
649 4447 677 4498 71
697 4437 793 4500 „aleae
812 4453 942 4492 rumorem
960 4437 1033 4491 nullo
1052 4438 1129 4488 modo
1149 4439 1278 4504 expavit.¹¹
