3254 5212
747 555 783 618 13

204 742 295 807 bavit
319 741 432 806 Ursini
458 752 491 806 et
516 743 683 807 Torrentii
709 752 936 806 commentum
962 762 1041 824 quos
1063 740 1131 824 ipse
1151 740 1321 807 edidisset.

202 878 235 931 at
262 869 381 932 edebat
405 870 496 952 quod
523 879 556 933 et
579 871 783 953 superfluum
809 880 842 933 et
866 870 990 933 tradita
1015 870 1157 933 lectione
1178 870 1323 933 deterius

202 1018 274 1061 esse
310 1007 404 1081 put0.
454 998 543 1060 Nam
563 997 678 1060 'dare
700 1019 808 1081 aeque
845 1019 884 1061 ac
919 998 1016 1060 edere
1040 1019 1101 1080 pro
1125 998 1321 1080 assegruare,

203 1125 376 1205 iudicare,
401 1126 602 1212 siguificare
626 1136 803 1209 usurpatur
828 1136 861 1189 et
880 1126 1066 1207 elegantiae
1090 1126 1156 1189 stili
1175 1127 1323 1189 inserviri

202 1253 303 1316 credo
327 1254 450 1317 tuenda
475 1255 635 1318 varietate
659 1256 838 1318 verborum
864 1256 905 1324 ci.
932 1255 1024 1319 Suet.
1050 1256 1141 1337 Aug.
1169 1257 1223 1317 88.
1243 1243 1321 1318 Tib.

201 1381 256 1461 63.
283 1381 354 1445 cal.
386 1400 436 1461 14.
463 1420 507 1428 -
534 1383 705 1447 Drakenb.
732 1383 875 1446 adsLiv.
901 1383 976 1446 VII.
1005 1401 1058 1446 21.
1088 1398 1117 1463 5.
1167 1381 1234 1462 Sed
1252 1403 1323 1444 om-

200 1511 278 1575 nino
299 1511 558 1594 improbandum
575 1533 647 1574 esse
663 1512 755 1595 quod
773 1512 1035 1596 Oudendorpius
1052 1534 1095 1575 ex
1109 1511 1165 1574 illo
1178 1510 1322 1593 dedisset

199 1660 343 1722 sequens
366 1639 485 1702 edebat
511 1647 639 1703 mutare
655 1640 798 1704 voluerit
816 1640 847 1703 in
865 1639 972 1703 dabat
989 1641 1168 1722 unicuique
1185 1639 1322 1702 obvium

200 1767 272 1832 erit.

246 2020 332 2085 CAP.
357 2040 415 2100 41.
465 2023 671 2104 Magnopere
708 2023 856 2086 admiror
893 2023 1055 2087 editorem
1081 2031 1230 2087 nostrum
1255 2044 1321 2086 ser-

197 2171 293 2213 vasse
326 2150 499 2232 uolgatam
532 2150 709 2213 lectionem
734 2149 862 2212 ce‘rcuue
889 2151 1036 2228 tribuae,
1072 2151 1127 2214 ubi
1153 2152 1180 2214 si
1206 2171 1321 2214 sensus

198 2277 308 2340 salvus
352 2278 431 2353 erit,
476 2275 705 2340 desideramus
741 2279 858 2361 utique
895 2299 1183 2361 unamquamque,
1220 2290 1322 2361 atque

199 2426 312 2468 revera
350 2405 382 2467 in
418 2406 586 2468 veteribus
611 2405 814 2469 editionibus
839 2416 1014 2471 exaratum
1039 2417 1089 2471 est
1113 2407 1232 2490 cuique
1257 2407 1322 2470 tre'-

197 2531 256 2596 uu·
289 2533 341 2595 vel
379 2531 552 2608 tribuum,
590 2531 682 2614 quod
721 2533 934 2596 manifestum
964 2535 1060 2598 nobis
1086 2535 1247 2600 indicium
1271 2544 1322 2597 est

199 2660 331 2741 legendi
367 2659 495 2722 circum
524 2659 644 2722 tribus.
696 2660 785 2725 Nam
814 2662 930 2745 procul
955 2662 1060 2725 dubio
1085 2664 1241 2726 omnibus
1266 2663 1322 2727 tri·

196 2789 304 2851 bubus
329 2787 461 2852 libellos
487 2787 610 2851 Caesar
636 2789 801 2852 mittebat.

217 2949 219 2954 v
243 2916 343 2999 Quod
368 2917 470 3000 paulo
496 2918 579 2980 inira
600 2918 743 2999 legimus
761 2917 822 2981 illi
834 2917 946 2982 tribui
962 2919 1027 3002 (cui
1046 2919 1216 3000 ingeniose
1235 2919 1322 2982 Boo-

195 3045 260 3108 tius
284 3045 456 3108 subiunxit
479 3066 505 3109 s.
533 3075 564 3100 =
586 3045 741 3129 salutem)
760 3047 805 3109 ibi
822 3047 999 3128 singularis
1016 3067 1172 3110 numerus
1190 3047 1318 3129 optime

194 3193 230 3235 se
262 3173 382 3251 habet;
417 3174 519 3237 etiam
552 3174 695 3236 librariis
728 3175 868 3238 sortasse
897 3175 959 3237 fuit
983 3195 1084 3237 causa
1109 3174 1219 3256 priore
1244 3174 1318 3237 loco

196 3300 363 3364 scribendi
391 3300 545 3366 rubeae.-
596 3356 598 3359 .
680 3338 683 3344 ·

212 3487 215 3491 ,
242 3427 300 3491 Ad
326 3427 422 3491 misit
446 3427 574 3490 circum
602 3427 714 3491 tribus
738 3428 779 3491 cf.
806 3447 871 3510 eg.
898 3427 969 3492 Cal.
998 3431 1052 3493 28.
1079 3429 1181 3505 ,misit
1193 3430 1319 3508 circum

196 3555 342 3620 insulas!
368 3591 412 3601 —-
438 3557 490 3618 De
523 3556 680 3638 Augusto
713 3555 892 3619 Caesarem
927 3557 959 3619 in
984 3558 1048 3619 hac
1073 3578 1107 3620 re
1133 3559 1318 3623 imitantem

196 3685 238 3749 cf.
276 3685 354 3749 Dio.
394 3699 455 3764 55,
495 3701 549 3764 34.
599 3676 765 3764 γράμματά
797 3706 869 3747 τινα
903 3684 1030 3757 ἐκτιθεὶς
1052 3683 1178 3767 συνίστη
1212 3692 1255 3768 τῷ
1290 3708 1320 3750 τε

195 3806 302 3890 πλήθει
326 3811 377 3872 καὶ
401 3817 445 3891 τῷ
467 3804 553 3891 δήμῳ
567 3804 659 3882 ὅσους
681 3803 880 3882 ὲσποίϋαζεν.

210 4013 212 4020 Ι
234 3939 373 4000 'Rursus
398 3938 526 4000 Rothio
545 3937 637 4001 'fides
662 3937 857 4019 abroganda
882 3947 932 4000 est
952 3939 1010 4000 ubi
1028 3958 1101 4020 cap.
1119 3954 1163 4016 42
1184 3958 1321 4020 pravam

197 4067 374 4129 lectionem
399 4067 495 4129 urbis
518 4075 667 4155 veterum
693 4066 849 4130 codicum
874 4075 1007 4128 secutus
1032 4066 1266 4129 auctoritatem
1289 4066 1320 4128 in

196 4201 326 4264 textum
352 4195 495 4276 recepit,
522 4216 609 4276 quae
633 4216 700 4258 vox
718 4194 846 4257 nullum
863 4195 999 4257 omnino
1017 4214 1151 4256 sensum
1169 4192 1319 4275 praebet.

197 4320 274 4404 Quo
310 4321 446 4386 tandem
484 4322 586 4386 modo
625 4323 790 4390 exhausta
830 4323 908 4386 urbs
946 4323 1168 4405 frequentiam
1197 4321 1323 4385 habere

197 4450 303 4531 possit
340 4469 406 4512 non
441 4449 541 4513 video
551 4471 559 4528 ;
594 4470 704 4531 aequo
730 4450 799 4518 iure
825 4450 1039 4532 pauperrimo
1065 4450 1192 4512 homini
1217 4450 1322 4525 abun-
