3254 5212
828 1321 858 1421 Ι.

324 1702 483 1776 CAESAR.
518 1710 603 1774 CAP.
633 1728 666 1790 4.
703 1711 781 1776 Non
805 1711 877 1776 sine
900 1731 1032 1775 summa
1058 1709 1296 1795 indignatione
1328 1711 1399 1773 sine

277 1841 382 1905 dubio
399 1850 488 1904 recte
504 1840 649 1903 correxit
661 1839 881 1903 Casaubonus
898 1839 1073 1902 restituens
1085 1838 1303 1922 dignatione,
1321 1859 1398 1902 nam

278 1968 457 2032 Caesarem
482 1965 692 2048 indignatum
718 1986 789 2029 esse
807 1975 840 2030 et
857 1965 1091 2028 molestissime
1108 1965 1174 2029 hoc
1191 1967 1306 2029 tulisse
1319 1986 1399 2029 sane

277 2116 344 2160 non
375 2116 462 2178 opus
494 2103 565 2157 erat
597 2103 633 2157 ut
665 2093 861 2170 adderetur,
895 2102 1009 2157 contra
1040 2113 1101 2175 par
1125 2102 1176 2157 est
1200 2093 1398 2157 Suetonium

279 2222 455 2286 inseruisse
486 2220 674 2303 praedones
698 2240 775 2283 eum
799 2240 931 2283 summa
956 2220 1189 2284 aestimatione
1214 2221 1398 2286 ethonore

279 2357 474 2433 prosecutos
491 2369 581 2426 esse,
607 2348 700 2431 quod
719 2348 852 2430 insuper
868 2349 1012 2413 affirmat
1027 2348 1116 2412 Vell.
1135 2349 1181 2426 II,
1202 2366 1259 2428 41.
1285 2348 1399 2413 Etiam

277 2478 343 2541 huc
374 2476 462 2541 trahi
495 2484 606 2559 potest
639 2475 735 2541 Caes
770 2491 832 2557 74,
867 2475 924 2539 ubi
957 2475 1000 2538 de
1041 2476 1210 2540 lenissima
1247 2477 1400 2541 Caesaris

278 2614 395 2670 natura
436 2605 547 2687 agitur
583 2612 801 2685 narraturque
837 2623 914 2666 eum
950 2624 1029 2685 erga
1066 2604 1191 2685 piratas
1213 2606 1399 2679 *moderate

276 2736 401 2817 egisse,
427 2754 515 2816 quae
540 2732 716 2798 clementia
742 2731 774 2793 in
799 2732 862 2794 hae
876 2753 990 2796 eorum
1007 2735 1220 2797 veneratione
1233 2734 1397 2817 originem

276 2883 371 2926 suam
396 2861 521 2925 habere
541 2861 661 2943 potuit.
700 2860 798 2922 Nunc
819 2859 969 2923 Suetonii
993 2862 1095 2924 verba
1112 2863 1304 2927 testimonio
1322 2863 1398 2927 Plu-

275 2991 383 3058 tarchi
403 2990 568 3054 affirmata
593 2989 738 3053 invenies
763 2989 923 3053 tradentis
948 2989 1127 3054 Caesarem
1145 2993 1210 3056 non
1228 2994 1397 3075 captivum

276 3118 335 3182 sed
361 3119 486 3202 piratas
511 3117 623 3200 potius
648 3117 719 3179 eius
736 3116 892 3180 custodes
909 3116 1020 3180 fuisse.
1042 3155 1086 3163 -
1104 3117 1161 3182 Ad
1180 3119 1339 3202 dignatio
1357 3120 1399 3182 cf.

276 3245 370 3310 Suet.
386 3245 457 3310 Cal.
477 3262 532 3325 24.
560 3247 597 3309 In
613 3246 713 3309 simili
731 3245 932 3329 Vespasiani
946 3245 1020 3308 loco
1036 3246 1077 3328 (c.
1091 3247 1125 3331 4)
1141 3248 1284 3311 eundem
1297 3249 1401 3312 offen·

278 3373 389 3436 dimus
413 3392 559 3436 errorem
585 3373 618 3436 in
643 3373 755 3437 multis
781 3373 1025 3465 manuscriptis.

323 3499 504 3562 Burmanni
537 3510 764 3565 commentum
789 3521 853 3564 non
886 3501 957 3564 nisi
982 3523 1114 3566 summa
1140 3501 1402 3586 indignatione

278 3626 354 3690 ideo
379 3626 616 3691 commendare
641 3628 744 3691 nolim
770 3628 862 3711 quod
889 3629 943 3691 ille
967 3631 1017 3693 vir
1039 3629 1252 3694 doctissimus
1270 3630 1313 3693 ad
1331 3652 1407 3720 ¹¹¹3?

277 3756 345 3818 lam
369 3753 463 3817 scioli
487 3754 628 3818 alicuius
652 3756 830 3819 lectionem
855 3757 1054 3821 servandam
1080 3758 1181 3821 etiam
1198 3779 1279 3822 sana
1295 3742 1412 3822 verba}

279 3883 474 3948 immutasse
499 3882 582 3946 mihi
605 3883 746 3948 videtur.

328 4139 413 4204 CAP.
453 4158 503 4222 19.
553 4140 754 4204 Rectissime
787 4140 1048 4224 Oudendorpius
1084 4143 1168 4208 vidit
1198 4145 1400 4209 vocabulum

277 4269 472 4334 consulatus
504 4277 540 4334 ut
572 4269 718 4351 glossam
750 4291 823 4334 esse
848 4271 1056 4350 eiciendum,
1086 4274 1177 4356 quod
1203 4274 1403 4338 confirmant

278 4398 342 4462 Ms.
368 4396 534 4463 Torrentii
559 4408 592 4463 et
616 4399 780 4463 editiones
805 4401 933 4482 primae
958 4401 1145 4464 Romanae.
1195 4403 1287 4465 Luce
1312 4402 1400 4466 enim
