3254 5212
820 543 842 604 4

267 731 337 793 sine
368 731 473 795 dubio
505 751 627 812 augere
653 731 760 814 possis
781 724 812 792 'si
836 738 945 795 totum
970 727 1167 796 Suetonium
1193 722 1389 798 excusseris.

267 858 381 940 Quare
414 859 616 939 singularem
649 859 760 921 locum
795 859 879 922 inter
911 855 1062 921 Suetonii
1093 854 1229 917 codices
1262 851 1390 915 Vindo-

267 988 449 1062 bonensem
472 1005 637 1068 occupare
659 986 741 1048 mihi
761 1006 957 1068 persuasum
974 994 1035 1048 est.
1055 983 1140 1047 Sunt
1158 992 1247 1045 certe
1267 979 1391 1043 multae
1474 977 1476 981 ’

266 1115 336 1177 eius
362 1114 437 1186 libri
462 1114 620 1177 lectiones
645 1113 745 1196 plane
761 1112 940 1191 ridiculae,
960 1112 1019 1176 sed
1036 1133 1115 1176 num
1134 1112 1166 1174 in
1184 1110 1390 1173 Memmiano

267 1263 333 1305 non
358 1243 420 1304 nisi
446 1252 652 1325 praestantes
677 1243 906 1309 inveniuntur?

285 1425 288 1435 .
313 1370 429 1452 Atque
454 1370 529 1451 plus
554 1371 640 1432 iusto
665 1390 685 1432 a
709 1370 916 1432 Memmiano
948 1370 1064 1433 codice
1089 1369 1296 1433 Rothianam
1321 1368 1390 1430 edi·
1460 1359 1462 1364 ’

265 1497 390 1572 tionem
428 1495 573 1578 pendere
611 1497 824 1561 manifestum
863 1507 922 1562 est.
972 1497 1021 1562 Ut
1049 1497 1205 1580 exempla
1232 1495 1388 1572 afferam,

266 1624 408 1704 legimus
445 1623 541 1687 Caes,
581 1623 624 1686 86
661 1624 839 1688 Caesarem
865 1625 1034 1688 custodias
1059 1624 1288 1705 Hispanorum
1313 1641 1389 1685 cum

267 1752 388 1833 gladiis
421 1751 724 1834 adinspectantium
753 1774 788 1815 se
813 1755 1003 1817 removisse.
1054 1753 1145 1815 Num
1170 1752 1254 1813 forte
1276 1751 1390 1815 lectio-

266 1900 342 1942 nem
366 1879 676 1962 aa'iaspectanliam
703 1880 828 1944 codicis
853 1882 1034 1945 auctoritas
1057 1881 1142 1944 tueri
1168 1880 1294 1962 possit?
1322 1878 1389 1942 Mi-

270 2009 359 2070 nime
388 2028 477 2071 ver0.
528 2007 601 2071 Aut
630 2008 911 2090 acquiescendum
937 2008 1162 2072 emendationi
1199 2007 1390 2071 Casauboni

267 2136 470 2198 sectantium
520 2145 578 2199 aut
626 2138 735 2218 ipsum
770 2138 910 2200 verbum
952 2138 1108 2200 cancellis
1152 2135 1389 2200 includendum

267 2274 355 2341 erat,
380 2266 461 2346 quia
486 2265 566 2328 talia
592 2265 798 2347 syllabarum
823 2267 1122 2347 coagmentaferri
1148 2285 1213 2327 non
1239 2273 1387 2346 possunt.

273 2392 396 2474 (Valde
438 2392 521 2454 mihi
558 2392 682 2455 arridet
718 2392 848 2455 Polakii
885 2403 1111 2456 commentum
1148 2413 1222 2453 caia
1254 2389 1392 2472 gladiis

268 2520 369 2584 audis
404 2519 634 2601 sectantium).
687 2520 780 2583 Idem
817 2521 885 2582 fere
920 2521 1010 2585 valet
1034 2521 1076 2584 de
1105 2521 1221 2583 formis
1246 2519 1390 2582 revives·

268 2659 358 2712 cerel
383 2649 461 2712 Tib.
489 2666 519 2712 2.
546 2659 579 2712 et
598 2649 756 2730 genetivo
784 2648 875 2730 Aug.
903 2651 961 2726 80,
988 2670 1072 2731 quas
1096 2648 1253 2712 Salmasii
1280 2647 1389 2710 codici

269 2776 449 2853 debemus,
487 2775 544 2837 ubi
570 2777 671 2838 ceteri
705 2775 832 2839 habent
855 2775 1074 2838 revivisceret
1098 2786 1132 2839 et
1149 2775 1305 2858 gem'tivo
1330 2795 1390 2837 nec

269 2905 333 2967 sibi
369 2913 500 2968 constat
531 2904 677 2967 Rothius
702 2906 761 2987 qui
785 2904 926 2968 eandem
951 2913 1084 2968 secutus
1109 2905 1272 2967 rationem
1297 2902 1389 2983 Aug.

271 3051 316 3114 90
341 3033 537 3095 Memmiani
563 3032 739 3095 lectionem
766 3031 951 3113 religiones
968 3032 1115 3112 recipere
1132 3030 1305 3094 debuerat.
1347 3029 1393 3092 Et

273 3162 338 3224 hac
376 3160 513 3243 quidem
559 3181 593 3222 re
635 3161 785 3241 inprimis
830 3159 1007 3237 offendor,v
1035 3158 1127 3241 quod
1164 3179 1229 3222 non
1265 3167 1391 3221 certam

270 3289 393 3370 agendi
418 3310 570 3351 normam
598 3290 630 3351 in
656 3287 889 3351 constituendo
916 3297 1010 3351 textu
1033 3286 1141 3350 editor
1157 3286 1221 3349 sibi
1239 3287 1393 3348 statuisse

269 3418 410 3481 videtur.
462 3418 511 3482 Ut
543 3436 675 3480 summo
705 3418 774 3479 iure
803 3438 835 3498 p.
868 3434 930 3493 22,
966 3431 1016 3496 17.
1066 3415 1232 3476 Torrentii
1255 3413 1391 3495 primo,

270 3567 303 3628 p.
341 3544 400 3622 26,
441 3562 482 3626 32
522 3544 658 3625 Egnatii
695 3543 864 3626 aquilifer
892 3565 924 3624 p.
950 3543 1014 3624 67,
1046 3545 1087 3623 38
1114 3543 1220 3625 Lipsii
1237 3541 1393 3626 frigoris

271 3681 385 3759 contra
422 3670 578 3733 codicum
617 3671 849 3732 auctoritatem
887 3669 1025 3732 editioni
1062 3690 1142 3732 suae
1168 3671 1320 3746 inseruit,
1348 3671 1393 3732 ita

271 3798 472 3861 certissimas
509 3797 759 3860 emendationes
795 3797 885 3860 velut
921 3816 954 3878 p.
996 3813 1078 3873 110,
1121 3815 1161 3880 19
1198 3796 1328 3859 Heinsii
1361 3817 1394 3859 es

272 3925 404 4008 (Baehr.
442 3925 576 4006 Fragm.
614 3926 693 3988 P.L.
720 3946 753 4008 p.
793 3925 890 4008 359),
922 3939 1002 4004 107,
1039 3925 1080 3986 28
1112 3923 1219 4005 Lipsii
1247 3922 1395 3986 allerias

270 4049 477 4126 virtulibm,
504 4051 653 4114 alterius
676 4052 793 4130 vitiis,
832 4074 864 4134 p.
884 4063 953 4131 '15‚
982 4069 1023 4114 22
1051 4052 1184 4113 Erasmi
1210 4060 1277 4114 esta
1297 4072 1395 4132 repu-

272 4179 387 4252 diavit.
438 4177 540 4240 Cuius
577 4180 624 4241 rei
661 4180 763 4263 plura
786 4180 942 4262 exempla
968 4180 1051 4242 inira
1076 4180 1216 4244 videbis,
1266 4181 1395 4242 Postre-

273 4328 365 4380 mum
398 4306 453 4368 hic
485 4306 568 4369 mihi
596 4307 696 4369 liceat
730 4307 888 4370 lectorem
914 4309 1089 4371 certiorem
1114 4308 1222 4372 iacere
1247 4309 1289 4372 de
1314 4330 1395 4372 non-

273 4435 438 4499 nullorum
483 4434 632 4497 locorum
677 4436 880 4498 correctione
923 4457 1011 4517 quae
1044 4438 1253 4519 paucissimis
1284 4439 1395 4501 verbis
