<?xml version="1.0" encoding="UTF-8"?>
<!DOCTYPE html PUBLIC "-//W3C//DTD XHTML 1.0 Transitional//EN"
    "http://www.w3.org/TR/xhtml1/DTD/xhtml1-transitional.dtd">
<html xmlns="http://www.w3.org/1999/xhtml" xml:lang="en" lang="en">
 <head>
  <title>
</title>
<meta http-equiv="Content-Type" content="text/html;charset=utf-8" />
  <meta name='ocr-system' content='tesseract 3.04.00' />
  <meta name='ocr-capabilities' content='ocr_page ocr_carea ocr_par ocr_line ocrx_word'/>
</head>
<body>
  <div class='ocr_page' id='page_1' title='image "./lectionessueton00moddgoog_0043.png"; bbox 0 0 3254 5212; ppageno 0'>
   <div class='ocr_carea' id='block_1_1' title="bbox 819 510 860 583">
    <p class='ocr_par' dir='ltr' id='par_1_1' title="bbox 819 510 860 583">
     <span class='ocr_line' id='line_1_1' title="bbox 819 510 860 583; baseline 0 -26"><span class='ocrx_word' id='word_1_1' title='bbox 819 510 860 583; x_wconf 78' lang='lat'>32</span> 
     </span>
    </p>
   </div>
   <div class='ocr_carea' id='block_1_2' title="bbox 278 697 1399 788">
    <p class='ocr_par' dir='ltr' id='par_1_2' title="bbox 278 697 1399 788">
     <span class='ocr_line' id='line_1_2' title="bbox 278 697 1399 788; baseline 0.002 -28"><span class='ocrx_word' id='word_1_2' title='bbox 278 698 381 788; x_wconf 74' lang='lat' dir='ltr'>tituo:</span> <span class='ocrx_word' id='word_1_3' title='bbox 407 697 444 761; x_wconf 84' lang='lat' dir='ltr'>iu</span> <span class='ocrx_word' id='word_1_4' title='bbox 464 697 594 780; x_wconf 76' lang='lat' dir='ltr'>primis</span> <span class='ocrx_word' id='word_1_5' title='bbox 617 697 763 762; x_wconf 84' lang='lat' dir='ltr'>lavandi</span> <span class='ocrx_word' id='word_1_6' title='bbox 784 699 957 777; x_wconf 81' lang='lat' dir='ltr'>raritate,</span> <span class='ocrx_word' id='word_1_7' title='bbox 984 698 1199 783; x_wconf 77' lang='lat' dir='ltr'><em>unguebatur</em></span> <span class='ocrx_word' id='word_1_8' title='bbox 1218 699 1306 762; x_wconf 78' lang='lat' dir='ltr'>enirn</span> <span class='ocrx_word' id='word_1_9' title='bbox 1330 719 1399 762; x_wconf 84' lang='lat' dir='ltr'>sae·</span> 
     </span>
    </p>
   </div>
   <div class='ocr_carea' id='block_1_3' title="bbox 274 812 1284 920">
    <p class='ocr_par' dir='ltr' id='par_1_3' title="bbox 274 812 1284 920">
     <span class='ocr_line' id='line_1_3' title="bbox 274 812 1284 920; baseline 0.002 -32"><span class='ocrx_word' id='word_1_10' title='bbox 274 825 356 907; x_wconf 80' lang='lat' dir='ltr'>pins</span> <span class='ocrx_word' id='word_1_11' title='bbox 379 835 442 888; x_wconf 85' lang='lat' dir='ltr'>aut</span> <span class='ocrx_word' id='word_1_12' title='bbox 464 825 620 920; x_wconf 68' lang='lat' dir='ltr'>sudabant¹</span> <span class='ocrx_word' id='word_1_13' title='bbox 634 826 684 888; x_wconf 86' lang='lat' dir='ltr'>nd</span> <span class='ocrx_word' id='word_1_14' title='bbox 694 826 879 908; x_wconf 85' lang='lat' dir='ltr'>flammam</span> <span class='ocrx_word' id='word_1_15' title='bbox 894 850 953 902; x_wconf 79' lang='lat'>—,·</span> <span class='ocrx_word' id='word_1_16' title='bbox 977 836 1016 889; x_wconf 82' lang='lat' dir='ltr'>at</span> <span class='ocrx_word' id='word_1_17' title='bbox 1039 826 1190 910; x_wconf 80' lang='lat' dir='ltr'>quotiens</span> <span class='ocrx_word' id='word_1_18' title='bbox 1213 812 1284 909; x_wconf 58' lang='lat' dir='ltr'>eqss</span> 
     </span>
    </p>
   </div>
   <div class='ocr_carea' id='block_1_4' title="bbox 328 1079 1398 1163">
    <p class='ocr_par' dir='ltr' id='par_1_4' title="bbox 328 1079 1398 1163">
     <span class='ocr_line' id='line_1_4' title="bbox 328 1079 1398 1163; baseline 0.001 -20"><span class='ocrx_word' id='word_1_19' title='bbox 328 1079 413 1144; x_wconf 86' lang='lat' dir='ltr'>CAP.</span> <span class='ocrx_word' id='word_1_20' title='bbox 441 1083 496 1160; x_wconf 88' lang='lat'>84.</span> <span class='ocrx_word' id='word_1_21' title='bbox 546 1081 660 1145; x_wconf 89' lang='lat' dir='ltr'>Verba</span> <span class='ocrx_word' id='word_1_22' title='bbox 685 1102 763 1144; x_wconf 73' lang='lat' dir='ltr'>itane</span> <span class='ocrx_word' id='word_1_23' title='bbox 789 1080 940 1163; x_wconf 80' lang='lat' dir='ltr'><em>deinceps</em></span> <span class='ocrx_word' id='word_1_24' title='bbox 964 1082 1109 1162; x_wconf 87' lang='lat' dir='ltr'>graviter</span> <span class='ocrx_word' id='word_1_25' title='bbox 1133 1090 1288 1163; x_wconf 89' lang='lat' dir='ltr'>corrupta</span> <span class='ocrx_word' id='word_1_26' title='bbox 1313 1090 1398 1144; x_wconf 89' lang='lat' dir='ltr'>sunt.</span> 
     </span>
    </p>
   </div>
   <div class='ocr_carea' id='block_1_5' title="bbox 277 1179 1402 3592">
    <p class='ocr_par' dir='ltr' id='par_1_5' title="bbox 277 1179 1402 3592">
     <span class='ocr_line' id='line_1_5' title="bbox 278 1179 1399 1302; baseline 0 -30"><span class='ocrx_word' id='word_1_27' title='bbox 278 1207 371 1272; x_wconf 87' lang='lat' dir='ltr'>Nam</span> <span class='ocrx_word' id='word_1_28' title='bbox 407 1229 487 1271; x_wconf 87' lang='lat' dir='ltr'>sane</span> <span class='ocrx_word' id='word_1_29' title='bbox 528 1230 629 1291; x_wconf 83' lang='lat' dir='ltr'>saepe</span> <span class='ocrx_word' id='word_1_30' title='bbox 662 1209 753 1292; x_wconf 90' lang='lat' dir='ltr'>apud</span> <span class='ocrx_word' id='word_1_31' title='bbox 787 1179 985 1273; x_wconf 89' lang='lat' dir='ltr'>Suetonium</span> <span class='ocrx_word' id='word_1_32' title='bbox 1020 1219 1151 1302; x_wconf 87' lang='lat' dir='ltr'>tantum</span> <span class='ocrx_word' id='word_1_33' title='bbox 1187 1209 1322 1271; x_wconf 90' lang='lat' dir='ltr'>inservit</span> <span class='ocrx_word' id='word_1_34' title='bbox 1356 1208 1399 1272; x_wconf 89' lang='lat' dir='ltr'>ad</span> 
     </span>
     <span class='ocr_line' id='line_1_6' title="bbox 280 1305 1400 1426; baseline 0 -28"><span class='ocrx_word' id='word_1_35' title='bbox 280 1357 400 1426; x_wconf 89' lang='lat' dir='ltr'>novam</span> <span class='ocrx_word' id='word_1_36' title='bbox 426 1336 585 1399; x_wconf 91' lang='lat' dir='ltr'>orationis</span> <span class='ocrx_word' id='word_1_37' title='bbox 611 1347 740 1419; x_wconf 88' lang='lat' dir='ltr'>partem</span> <span class='ocrx_word' id='word_1_38' title='bbox 764 1305 1003 1414; x_wconf 80' lang='lat' dir='ltr'>inducendam,</span> <span class='ocrx_word' id='word_1_39' title='bbox 1022 1336 1081 1399; x_wconf 88' lang='lat' dir='ltr'>sed</span> <span class='ocrx_word' id='word_1_40' title='bbox 1098 1345 1210 1399; x_wconf 87' lang='lat' dir='ltr'>tamen</span> <span class='ocrx_word' id='word_1_41' title='bbox 1228 1337 1342 1418; x_wconf 91' lang='lat' dir='ltr'>aliqua</span> <span class='ocrx_word' id='word_1_42' title='bbox 1358 1356 1400 1397; x_wconf 88' lang='lat' dir='ltr'>ex</span> 
     </span>
     <span class='ocr_line' id='line_1_7' title="bbox 279 1464 1401 1548; baseline -0.001 -22"><span class='ocrx_word' id='word_1_43' title='bbox 279 1474 373 1546; x_wconf 89' lang='lat' dir='ltr'>parte</span> <span class='ocrx_word' id='word_1_44' title='bbox 398 1484 447 1542; x_wconf 89' lang='lat' dir='ltr'>ea,</span> <span class='ocrx_word' id='word_1_45' title='bbox 466 1484 553 1545; x_wconf 89' lang='lat' dir='ltr'>quae</span> <span class='ocrx_word' id='word_1_46' title='bbox 579 1486 736 1547; x_wconf 84' lang='lat' dir='ltr'>pernam</span> <span class='ocrx_word' id='word_1_47' title='bbox 760 1465 926 1548; x_wconf 86' lang='lat' dir='ltr'>prioribus</span> <span class='ocrx_word' id='word_1_48' title='bbox 946 1465 1201 1545; x_wconf 88' lang='lat' dir='ltr'>subiunguntur,</span> <span class='ocrx_word' id='word_1_49' title='bbox 1227 1465 1311 1526; x_wconf 89' lang='lat' dir='ltr'>haec</span> <span class='ocrx_word' id='word_1_50' title='bbox 1329 1464 1401 1545; x_wconf 90' lang='lat' dir='ltr'>ipsa</span> 
     </span>
     <span class='ocr_line' id='line_1_8' title="bbox 279 1580 1400 1685; baseline -0.002 -31"><span class='ocrx_word' id='word_1_51' title='bbox 279 1580 449 1674; x_wconf 89' lang='lat' dir='ltr'>explicare</span> <span class='ocrx_word' id='word_1_52' title='bbox 483 1591 616 1685; x_wconf 83' lang='lat' dir='ltr'>debent.</span> <span class='ocrx_word' id='word_1_53' title='bbox 667 1591 768 1674; x_wconf 87' lang='lat' dir='ltr'>Quod</span> <span class='ocrx_word' id='word_1_54' title='bbox 801 1591 973 1680; x_wconf 89' lang='lat' dir='ltr'>quomodo</span> <span class='ocrx_word' id='word_1_55' title='bbox 1003 1592 1058 1678; x_wconf 87' lang='lat' dir='ltr'>hic</span> <span class='ocrx_word' id='word_1_56' title='bbox 1083 1592 1143 1655; x_wconf 87' lang='lat' dir='ltr'>fiat</span> <span class='ocrx_word' id='word_1_57' title='bbox 1174 1592 1311 1654; x_wconf 90' lang='lat' dir='ltr'>omnino</span> <span class='ocrx_word' id='word_1_58' title='bbox 1335 1611 1400 1653; x_wconf 91' lang='lat' dir='ltr'>non</span> 
     </span>
     <span class='ocr_line' id='line_1_9' title="bbox 278 1720 1401 1784; baseline -0.002 -1"><span class='ocrx_word' id='word_1_59' title='bbox 278 1720 388 1784; x_wconf 90' lang='lat' dir='ltr'>vide0.</span> <span class='ocrx_word' id='word_1_60' title='bbox 438 1720 540 1783; x_wconf 87' lang='lat' dir='ltr'>Teste</span> <span class='ocrx_word' id='word_1_61' title='bbox 573 1721 765 1783; x_wconf 86' lang='lat' dir='ltr'>Burmanno</span> <span class='ocrx_word' id='word_1_62' title='bbox 799 1741 916 1783; x_wconf 88' lang='lat' dir='ltr'>manus</span> <span class='ocrx_word' id='word_1_63' title='bbox 949 1720 1049 1784; x_wconf 90' lang='lat' dir='ltr'>docta</span> <span class='ocrx_word' id='word_1_64' title='bbox 1086 1721 1118 1782; x_wconf 94' lang='lat' dir='ltr'>in</span> <span class='ocrx_word' id='word_1_65' title='bbox 1155 1741 1213 1783; x_wconf 87' lang='lat' dir='ltr'>ora</span> <span class='ocrx_word' id='word_1_66' title='bbox 1247 1720 1401 1783; x_wconf 82' lang='lat' dir='ltr'>editionis</span> 
     </span>
     <span class='ocr_line' id='line_1_10' title="bbox 279 1847 1400 1931; baseline -0.003 -20"><span class='ocrx_word' id='word_1_67' title='bbox 279 1849 420 1912; x_wconf 90' lang='lat' dir='ltr'>Plantin.</span> <span class='ocrx_word' id='word_1_68' title='bbox 454 1849 608 1931; x_wconf 81' lang='lat' dir='ltr'>ascripsit</span> <span class='ocrx_word' id='word_1_69' title='bbox 640 1849 709 1911; x_wconf 81' lang='lat' dir='ltr'>iarn</span> <span class='ocrx_word' id='word_1_70' title='bbox 744 1848 855 1931; x_wconf 84' lang='lat' dir='ltr'>(simili</span> <span class='ocrx_word' id='word_1_71' title='bbox 894 1847 995 1910; x_wconf 93' lang='lat' dir='ltr'>modo</span> <span class='ocrx_word' id='word_1_72' title='bbox 1032 1848 1128 1911; x_wconf 89' lang='lat' dir='ltr'>Caes.</span> <span class='ocrx_word' id='word_1_73' title='bbox 1165 1865 1221 1926; x_wconf 89' lang='lat'>44.</span> <span class='ocrx_word' id='word_1_74' title='bbox 1252 1849 1295 1910; x_wconf 91' lang='lat' dir='ltr'>in.</span> <span class='ocrx_word' id='word_1_75' title='bbox 1320 1868 1400 1914; x_wconf 49' lang='lat' dir='ltr'>¹cum</span> 
     </span>
     <span class='ocr_line' id='line_1_11' title="bbox 278 1974 1400 2065; baseline -0.002 -27"><span class='ocrx_word' id='word_1_76' title='bbox 278 1975 469 2038; x_wconf 88' lang='lat' dir='ltr'>Burmanno</span> <span class='ocrx_word' id='word_1_77' title='bbox 494 1975 564 2037; x_wconf 84' lang='lat' dir='ltr'>iam</span> <span class='ocrx_word' id='word_1_78' title='bbox 594 1997 654 2058; x_wconf 89' lang='lat' dir='ltr'>pro</span> <span class='ocrx_word' id='word_1_79' title='bbox 683 1996 762 2037; x_wconf 77' lang='lat' dir='ltr'>ream</span> <span class='ocrx_word' id='word_1_80' title='bbox 791 1975 970 2056; x_wconf 83' lang='lat' dir='ltr'>legendum</span> <span class='ocrx_word' id='word_1_81' title='bbox 998 1976 1070 2065; x_wconf 83' lang='lat' dir='ltr'>est).</span> <span class='ocrx_word' id='word_1_82' title='bbox 1121 1974 1211 2057; x_wconf 84' lang='lat' dir='ltr'>Quid</span> <span class='ocrx_word' id='word_1_83' title='bbox 1240 1995 1319 2037; x_wconf 91' lang='lat' dir='ltr'>vero</span> <span class='ocrx_word' id='word_1_84' title='bbox 1345 1974 1400 2036; x_wconf 93' lang='lat' dir='ltr'>illo</span> 
     </span>
     <span class='ocr_line' id='line_1_12' title="bbox 279 2097 1401 2185; baseline -0.003 -19"><span class='ocrx_word' id='word_1_85' title='bbox 279 2103 430 2185; x_wconf 83' lang='lat' dir='ltr'>deinceps</span> <span class='ocrx_word' id='word_1_86' title='bbox 446 2103 630 2165; x_wconf 87' lang='lat' dir='ltr'>faciamus?</span> <span class='ocrx_word' id='word_1_87' title='bbox 655 2103 839 2184; x_wconf 77' lang='lat' dir='ltr'>DeincepS,</span> <span class='ocrx_word' id='word_1_88' title='bbox 854 2102 875 2183; x_wconf 87' lang='lat'>1)</span> <span class='ocrx_word' id='word_1_89' title='bbox 893 2101 1009 2178; x_wconf 87' lang='lat' dir='ltr'>cred0,</span> <span class='ocrx_word' id='word_1_90' title='bbox 1029 2097 1133 2184; x_wconf 88' lang='lat' dir='ltr'>(quod</span> <span class='ocrx_word' id='word_1_91' title='bbox 1148 2102 1269 2164; x_wconf 89' lang='lat' dir='ltr'>Graeci</span> <span class='ocrx_word' id='word_1_92' title='bbox 1287 2102 1401 2164; x_wconf 88' lang='lat' dir='ltr'>dicunt</span> 
     </span>
     <span class='ocr_line' id='line_1_13' title="bbox 277 2228 1401 2314; baseline -0.004 -20"><span class='ocrx_word' id='word_1_93' title='bbox 277 2228 359 2313; x_wconf 70' lang='grc' dir='ltr'>ἑξῆς)</span> <span class='ocrx_word' id='word_1_94' title='bbox 388 2252 498 2314; x_wconf 88' lang='lat' dir='ltr'>neque</span> <span class='ocrx_word' id='word_1_95' title='bbox 532 2232 564 2292; x_wconf 93' lang='lat' dir='ltr'>in</span> <span class='ocrx_word' id='word_1_96' title='bbox 597 2240 714 2301; x_wconf 89' lang='lat' dir='ltr'>senatu</span> <span class='ocrx_word' id='word_1_97' title='bbox 745 2251 855 2311; x_wconf 91' lang='lat' dir='ltr'>neque</span> <span class='ocrx_word' id='word_1_98' title='bbox 889 2230 944 2292; x_wconf 89' lang='lat' dir='ltr'>ille</span> <span class='ocrx_word' id='word_1_99' title='bbox 978 2229 1069 2311; x_wconf 90' lang='lat' dir='ltr'>apud</span> <span class='ocrx_word' id='word_1_100' title='bbox 1104 2230 1267 2311; x_wconf 87' lang='lat' dir='ltr'>populum</span> <span class='ocrx_word' id='word_1_101' title='bbox 1293 2249 1401 2311; x_wconf 88' lang='lat' dir='ltr'>neque</span> 
     </span>
     <span class='ocr_line' id='line_1_14' title="bbox 278 2355 1402 2440; baseline -0.004 -21"><span class='ocrx_word' id='word_1_102' title='bbox 278 2358 368 2440; x_wconf 90' lang='lat' dir='ltr'>apud</span> <span class='ocrx_word' id='word_1_103' title='bbox 407 2358 692 2432; x_wconf 84' lang='lat' dir='ltr'>militeslocutus</span> <span class='ocrx_word' id='word_1_104' title='bbox 724 2357 855 2420; x_wconf 90' lang='lat' dir='ltr'>videtur</span> <span class='ocrx_word' id='word_1_105' title='bbox 887 2377 959 2419; x_wconf 89' lang='lat' dir='ltr'>esse</span> <span class='ocrx_word' id='word_1_106' title='bbox 991 2377 1100 2439; x_wconf 91' lang='lat' dir='ltr'>neque</span> <span class='ocrx_word' id='word_1_107' title='bbox 1135 2355 1314 2419; x_wconf 85' lang='lat' dir='ltr'>Suetonius</span> <span class='ocrx_word' id='word_1_108' title='bbox 1339 2356 1402 2417; x_wconf 92' lang='lat' dir='ltr'>hoc</span> 
     </span>
     <span class='ocr_line' id='line_1_15' title="bbox 279 2483 1400 2567; baseline 0 -21"><span class='ocrx_word' id='word_1_109' title='bbox 279 2484 415 2556; x_wconf 87' lang='lat' dir='ltr'>dixisse.</span> <span class='ocrx_word' id='word_1_110' title='bbox 465 2485 532 2549; x_wconf 88' lang='lat' dir='ltr'>Sed</span> <span class='ocrx_word' id='word_1_111' title='bbox 566 2485 682 2567; x_wconf 91' lang='lat' dir='ltr'>procul</span> <span class='ocrx_word' id='word_1_112' title='bbox 711 2484 816 2547; x_wconf 92' lang='lat' dir='ltr'>dubio</span> <span class='ocrx_word' id='word_1_113' title='bbox 847 2485 1018 2565; x_wconf 76' lang='lat' dir='ltr'>ingeniosa</span> <span class='ocrx_word' id='word_1_114' title='bbox 1044 2483 1185 2567; x_wconf 89' lang='lat' dir='ltr'>Speyeri</span> <span class='ocrx_word' id='word_1_115' title='bbox 1211 2485 1400 2547; x_wconf 86' lang='lat' dir='ltr'>coniectura</span> 
     </span>
     <span class='ocr_line' id='line_1_16' title="bbox 279 2610 1400 2694; baseline 0.001 -21"><span class='ocrx_word' id='word_1_116' title='bbox 279 2620 413 2694; x_wconf 87' lang='lat' dir='ltr'>recepta</span> <span class='ocrx_word' id='word_1_117' title='bbox 439 2633 499 2694; x_wconf 94' lang='lat' dir='ltr'>pro</span> <span class='ocrx_word' id='word_1_118' title='bbox 527 2611 679 2693; x_wconf 76' lang='lat' dir='ltr'>dez&#39;nceps</span> <span class='ocrx_word' id='word_1_119' title='bbox 702 2611 917 2675; x_wconf 89' lang='lat' dir='ltr'>scribendum</span> <span class='ocrx_word' id='word_1_120' title='bbox 942 2622 992 2675; x_wconf 90' lang='lat' dir='ltr'>est</span> <span class='ocrx_word' id='word_1_121' title='bbox 1009 2611 1179 2693; x_wconf 80' lang='lat' dir='ltr'>princeps.</span> <span class='ocrx_word' id='word_1_122' title='bbox 1226 2610 1334 2674; x_wconf 90' lang='lat' dir='ltr'>Simul</span> <span class='ocrx_word' id='word_1_123' title='bbox 1358 2631 1400 2674; x_wconf 88' lang='lat' dir='ltr'>ex</span> 
     </span>
     <span class='ocr_line' id='line_1_17' title="bbox 279 2739 1400 2823; baseline -0.001 -21"><span class='ocrx_word' id='word_1_124' title='bbox 279 2739 426 2803; x_wconf 86' lang='lat' dir='ltr'>editione</span> <span class='ocrx_word' id='word_1_125' title='bbox 458 2741 599 2804; x_wconf 89' lang='lat' dir='ltr'>Plantin.</span> <span class='ocrx_word' id='word_1_126' title='bbox 626 2741 774 2823; x_wconf 88' lang='lat' dir='ltr'>recipere</span> <span class='ocrx_word' id='word_1_127' title='bbox 801 2742 902 2804; x_wconf 91' lang='lat' dir='ltr'>velim</span> <span class='ocrx_word' id='word_1_128' title='bbox 932 2741 1013 2805; x_wconf 86' lang='lat' dir='ltr'>iam.</span> <span class='ocrx_word' id='word_1_129' title='bbox 1063 2740 1162 2803; x_wconf 89' lang='lat' dir='ltr'>Nunc</span> <span class='ocrx_word' id='word_1_130' title='bbox 1190 2740 1301 2802; x_wconf 89' lang='lat' dir='ltr'>verbis</span> <span class='ocrx_word' id='word_1_131' title='bbox 1324 2739 1400 2802; x_wconf 75' lang='lat' dir='ltr'>Mu</span> 
     </span>
     <span class='ocr_line' id='line_1_18' title="bbox 280 2866 1401 2952; baseline -0.001 -22"><span class='ocrx_word' id='word_1_132' title='bbox 280 2866 407 2930; x_wconf 80' lang='lat' dir='ltr'>tinensi</span> <span class='ocrx_word' id='word_1_133' title='bbox 436 2866 521 2929; x_wconf 84' lang='lat' dir='ltr'>belle</span> <span class='ocrx_word' id='word_1_134' title='bbox 555 2868 745 2950; x_wconf 85' lang='lat' dir='ltr'>praemissis</span> <span class='ocrx_word' id='word_1_135' title='bbox 773 2878 851 2950; x_wconf 84' lang='lat' dir='ltr'>apte</span> <span class='ocrx_word' id='word_1_136' title='bbox 877 2868 1044 2931; x_wconf 89' lang='lat' dir='ltr'>inducitur</span> <span class='ocrx_word' id='word_1_137' title='bbox 1069 2890 1128 2952; x_wconf 89' lang='lat' dir='ltr'>per</span> <span class='ocrx_word' id='word_1_138' title='bbox 1153 2868 1222 2930; x_wconf 78' lang='lat' dir='ltr'>iarn</span> <span class='ocrx_word' id='word_1_139' title='bbox 1240 2867 1401 2950; x_wconf 81' lang='lat' dir='ltr'>princeps</span> 
     </span>
     <span class='ocr_line' id='line_1_19' title="bbox 280 2995 1395 3080; baseline -0.001 -21"><span class='ocrx_word' id='word_1_140' title='bbox 280 2995 371 3059; x_wconf 92' lang='lat' dir='ltr'>aliud</span> <span class='ocrx_word' id='word_1_141' title='bbox 395 2995 484 3057; x_wconf 88' lang='lat' dir='ltr'>vitae</span> <span class='ocrx_word' id='word_1_142' title='bbox 512 2995 582 3057; x_wconf 90' lang='lat' dir='ltr'>eius</span> <span class='ocrx_word' id='word_1_143' title='bbox 615 2997 772 3078; x_wconf 88' lang='lat' dir='ltr'>spatium.</span> <span class='ocrx_word' id='word_1_144' title='bbox 822 2996 880 3060; x_wconf 87' lang='lat' dir='ltr'>Ad</span> <span class='ocrx_word' id='word_1_145' title='bbox 906 2997 975 3060; x_wconf 80' lang='lat' dir='ltr'>iarn</span> <span class='ocrx_word' id='word_1_146' title='bbox 994 2998 1156 3079; x_wconf 78' lang='lat' dir='ltr'>pnirzceps</span> <span class='ocrx_word' id='word_1_147' title='bbox 1181 2997 1222 3060; x_wconf 88' lang='lat' dir='ltr'>cl.</span> <span class='ocrx_word' id='word_1_148' title='bbox 1248 2996 1352 3080; x_wconf 91' lang='lat' dir='ltr'>Vesp.</span> <span class='ocrx_word' id='word_1_149' title='bbox 1380 3009 1395 3075; x_wconf 88' lang='grc'><strong><em>5</em></strong></span> 
     </span>
     <span class='ocr_line' id='line_1_20' title="bbox 279 3124 1399 3208; baseline -0.001 -22"><span class='ocrx_word' id='word_1_150' title='bbox 279 3124 325 3188; x_wconf 82' lang='lat' dir='ltr'>is.</span> <span class='ocrx_word' id='word_1_151' title='bbox 352 3124 442 3204; x_wconf 79' lang='lat' dir='ltr'>„iam</span> <span class='ocrx_word' id='word_1_152' title='bbox 461 3124 694 3208; x_wconf 58' lang='lat' dir='ltr'>⁸imperatore”</span> <span class='ocrx_word' id='word_1_153' title='bbox 716 3161 761 3171; x_wconf 92' lang='lat'><em>-</em></span> <span class='ocrx_word' id='word_1_154' title='bbox 778 3125 891 3189; x_wconf 88' lang='lat' dir='ltr'>Textu</span> <span class='ocrx_word' id='word_1_155' title='bbox 917 3126 1006 3188; x_wconf 91' lang='lat' dir='ltr'>hunc</span> <span class='ocrx_word' id='word_1_156' title='bbox 1031 3126 1063 3187; x_wconf 95' lang='lat' dir='ltr'>in</span> <span class='ocrx_word' id='word_1_157' title='bbox 1089 3124 1226 3187; x_wconf 93' lang='lat' dir='ltr'>modum</span> <span class='ocrx_word' id='word_1_158' title='bbox 1251 3133 1399 3186; x_wconf 88' lang='lat' dir='ltr'>correcto</span> 
     </span>
     <span class='ocr_line' id='line_1_21' title="bbox 278 3251 1400 3338; baseline -0.001 -24"><span class='ocrx_word' id='word_1_159' title='bbox 278 3252 480 3334; x_wconf 86' lang='lat' dir='ltr'>¹elegantiam</span> <span class='ocrx_word' id='word_1_160' title='bbox 501 3252 577 3314; x_wconf 90' lang='lat' dir='ltr'>stilo</span> <span class='ocrx_word' id='word_1_161' title='bbox 600 3251 854 3316; x_wconf 79' lang='lat' dir='ltr'>reddiderimus</span> <span class='ocrx_word' id='word_1_162' title='bbox 894 3253 983 3316; x_wconf 86' lang='lat' dir='ltr'>Nam</span> <span class='ocrx_word' id='word_1_163' title='bbox 1001 3252 1089 3315; x_wconf 90' lang='lat' dir='ltr'>hunc</span> <span class='ocrx_word' id='word_1_164' title='bbox 1106 3274 1239 3338; x_wconf 89' lang='lat' dir='ltr'>sensum</span> <span class='ocrx_word' id='word_1_165' title='bbox 1264 3272 1400 3334; x_wconf 88' lang='lat' dir='ltr'>recupe-</span> 
     </span>
     <span class='ocr_line' id='line_1_22' title="bbox 279 3380 1400 3464; baseline -0.002 -20"><span class='ocrx_word' id='word_1_166' title='bbox 279 3401 408 3444; x_wconf 90' lang='lat' dir='ltr'>ramus:</span> <span class='ocrx_word' id='word_1_167' title='bbox 435 3400 567 3461; x_wconf 76' lang='lat' dir='ltr'>„neque</span> <span class='ocrx_word' id='word_1_168' title='bbox 592 3380 682 3442; x_wconf 88' lang='lat' dir='ltr'>bello</span> <span class='ocrx_word' id='word_1_169' title='bbox 700 3401 809 3462; x_wconf 85' lang='lat' dir='ltr'>neque</span> <span class='ocrx_word' id='word_1_170' title='bbox 831 3401 913 3464; x_wconf 89' lang='lat' dir='ltr'>pace</span> <span class='ocrx_word' id='word_1_171' title='bbox 931 3401 1079 3462; x_wconf 88' lang='lat' dir='ltr'>unquam</span> <span class='ocrx_word' id='word_1_172' title='bbox 1098 3381 1241 3464; x_wconf 90' lang='lat' dir='ltr'>publicis</span> <span class='ocrx_word' id='word_1_173' title='bbox 1258 3380 1400 3462; x_wconf 84' lang='lat' dir='ltr'>negotiis</span> 
     </span>
     <span class='ocr_line' id='line_1_23' title="bbox 280 3506 1399 3592; baseline -0.001 -22"><span class='ocrx_word' id='word_1_174' title='bbox 280 3506 468 3592; x_wconf 90' lang='lat' dir='ltr'>prohibitus</span> <span class='ocrx_word' id='word_1_175' title='bbox 493 3515 559 3583; x_wconf 89' lang='lat' dir='ltr'>est,</span> <span class='ocrx_word' id='word_1_176' title='bbox 586 3508 765 3588; x_wconf 91' lang='lat' dir='ltr'>quominus</span> <span class='ocrx_word' id='word_1_177' title='bbox 786 3508 1006 3590; x_wconf 89' lang='lat' dir='ltr'>eloquentiae.</span> <span class='ocrx_word' id='word_1_178' title='bbox 1023 3508 1209 3590; x_wconf 87' lang='lat' dir='ltr'>litterisque</span> <span class='ocrx_word' id='word_1_179' title='bbox 1233 3527 1399 3570; x_wconf 91' lang='lat' dir='ltr'>summam</span> 
     </span>
    </p>
   </div>
   <div class='ocr_carea' id='block_1_6' title="bbox 279 3633 610 3719">
    <p class='ocr_par' dir='ltr' id='par_1_6' title="bbox 279 3633 610 3719">
     <span class='ocr_line' id='line_1_24' title="bbox 279 3633 610 3719; baseline -0.003 -20"><span class='ocrx_word' id='word_1_180' title='bbox 279 3656 417 3719; x_wconf 88' lang='lat' dir='ltr'>operam</span> <span class='ocrx_word' id='word_1_181' title='bbox 441 3633 610 3698; x_wconf 88' lang='lat' dir='ltr'>navaret.’&#39;</span> 
     </span>
    </p>
   </div>
   <div class='ocr_carea' id='block_1_7' title="bbox 279 4000 1398 4213">
    <p class='ocr_par' dir='ltr' id='par_1_7' title="bbox 279 4000 1398 4213">
     <span class='ocr_line' id='line_1_25' title="bbox 326 4000 1397 4085; baseline 0.001 -20"><span class='ocrx_word' id='word_1_182' title='bbox 326 4001 467 4085; x_wconf 90' lang='lat' dir='ltr'>Vespas.</span> <span class='ocrx_word' id='word_1_183' title='bbox 495 4000 581 4066; x_wconf 84' lang='lat' dir='ltr'><strong>CAP.</strong></span> <span class='ocrx_word' id='word_1_184' title='bbox 612 4018 639 4065; x_wconf 93' lang='lat'>1.</span> <span class='ocrx_word' id='word_1_185' title='bbox 676 4000 924 4084; x_wconf 83' lang='lat' dir='ltr'>Manebnntque</span> <span class='ocrx_word' id='word_1_186' title='bbox 948 4001 1115 4084; x_wconf 78' lang='lat' dir='ltr'>imagines</span> <span class='ocrx_word' id='word_1_187' title='bbox 1138 4023 1208 4084; x_wconf 81' lang='lat' dir='ltr'>eqS.</span> <span class='ocrx_word' id='word_1_188' title='bbox 1248 4004 1321 4066; x_wconf 91' lang='lat' dir='ltr'>lure</span> <span class='ocrx_word' id='word_1_189' title='bbox 1337 4004 1397 4066; x_wconf 89' lang='lat' dir='ltr'>viri</span> 
     </span>
     <span class='ocr_line' id='line_1_26' title="bbox 279 4129 1398 4213; baseline -0.002 -19"><span class='ocrx_word' id='word_1_190' title='bbox 279 4131 369 4194; x_wconf 91' lang='lat' dir='ltr'>docti</span> <span class='ocrx_word' id='word_1_191' title='bbox 395 4131 629 4213; x_wconf 90' lang='lat' dir='ltr'>quaesiverunt</span> <span class='ocrx_word' id='word_1_192' title='bbox 653 4129 696 4193; x_wconf 90' lang='lat' dir='ltr'>ad</span> <span class='ocrx_word' id='word_1_193' title='bbox 722 4130 894 4212; x_wconf 92' lang='lat' dir='ltr'>quodnam</span> <span class='ocrx_word' id='word_1_194' title='bbox 919 4138 1051 4211; x_wconf 90' lang='lat' dir='ltr'>tempus</span> <span class='ocrx_word' id='word_1_195' title='bbox 1076 4130 1308 4211; x_wconf 76' lang='lat' dir='ltr'>imperfectum</span> <span class='ocrx_word' id='word_1_196' title='bbox 1327 4152 1398 4192; x_wconf 77' lang='lat' dir='ltr'>rezn-</span> 
     </span>
    </p>
   </div>
   <div class='ocr_carea' id='block_1_8' title="bbox 279 4256 1397 4340">
    <p class='ocr_par' dir='ltr' id='par_1_8' title="bbox 279 4256 1397 4340">
     <span class='ocr_line' id='line_1_27' title="bbox 279 4256 1397 4340; baseline -0.001 -17"><span class='ocrx_word' id='word_1_197' title='bbox 279 4258 402 4324; x_wconf 82' lang='lat' dir='ltr'>nebant</span> <span class='ocrx_word' id='word_1_198' title='bbox 438 4258 647 4321; x_wconf 87' lang='lat' dir='ltr'>referendum</span> <span class='ocrx_word' id='word_1_199' title='bbox 684 4267 781 4322; x_wconf 90' lang='lat' dir='ltr'>esset.</span> <span class='ocrx_word' id='word_1_200' title='bbox 832 4258 922 4320; x_wconf 92' lang='lat' dir='ltr'>Num</span> <span class='ocrx_word' id='word_1_201' title='bbox 959 4257 1002 4321; x_wconf 92' lang='lat' dir='ltr'>ad</span> <span class='ocrx_word' id='word_1_202' title='bbox 1039 4256 1213 4320; x_wconf 87' lang='lat' dir='ltr'>Suetonii?</span> <span class='ocrx_word' id='word_1_203' title='bbox 1246 4258 1337 4340; x_wconf 92' lang='lat' dir='ltr'>quod</span> <span class='ocrx_word' id='word_1_204' title='bbox 1370 4260 1397 4322; x_wconf 88' lang='lat' dir='ltr'>si</span> 
     </span>
    </p>
   </div>
   <div class='ocr_carea' id='block_1_9' title="bbox 273 4433 537 4496">
    <p class='ocr_par' dir='ltr' id='par_1_9' title="bbox 273 4433 537 4496">
     <span class='ocr_line' id='line_1_28' title="bbox 273 4433 537 4496; baseline -0.004 -13"><span class='ocrx_word' id='word_1_205' title='bbox 273 4469 276 4474; x_wconf 90' lang='lat'>-</span> <span class='ocrx_word' id='word_1_206' title='bbox 313 4437 332 4496; x_wconf 86' lang='lat'>¹)</span> <span class='ocrx_word' id='word_1_207' title='bbox 368 4433 408 4484; x_wconf 87' lang='lat' dir='ltr'>Cf.</span> <span class='ocrx_word' id='word_1_208' title='bbox 426 4434 495 4496; x_wconf 85' lang='lat' dir='ltr'>Aug.</span> <span class='ocrx_word' id='word_1_209' title='bbox 514 4446 537 4482; x_wconf 88' lang='lat'>2.</span> 
     </span>
    </p>
   </div>
   <div class='ocr_carea' id='block_1_10' title="bbox 0 0 1633 5212">
    <p class='ocr_par' dir='ltr' id='par_1_10' title="bbox 0 0 1633 5212">
     <span class='ocr_line' id='line_1_29' title="bbox 0 0 1633 5212; baseline 0 0"><span class='ocrx_word' id='word_1_210' title='bbox 0 0 1633 5212; x_wconf 95' lang='lat' dir='ltr'> </span> 
     </span>
    </p>
   </div>
  </div>
 </body>
</html>
