3254 5212
800 550 843 617 34

243 737 362 818 vellet,
388 757 497 803 nonne
520 737 721 821 scripsisset:
740 747 800 821 „ut
817 737 1005 821 quamlibet
1025 757 1183 820 magnum
1206 736 1368 820 cogitaret

243 867 461 950 volveretque
497 867 628 946 animo,
664 866 697 930 id
735 888 806 930 esse
843 865 957 950 p.p.”?
1007 866 1083 932 Huc
1115 866 1246 930 aceedit
1275 865 1366 947 quod

244 997 384 1062 verbum
421 998 666 1062 substantiuum
701 998 733 1059 in
766 995 940 1059 Infinitivis
973 1004 1042 1058 tam
1076 995 1217 1058 Perfecti
1242 996 1368 1058 Passivi

245 1145 348 1208 quam
382 1125 499 1187 Futuri
533 1124 647 1188 Activi
681 1123 750 1186 sere
787 1145 1066 1207 usquequaquam
1102 1123 1193 1205 apud
1218 1133 1367 1186 nostrum

246 1251 421 1316 omittitur.
449 1288 492 1298 -
513 1252 555 1315 ci.
583 1252 714 1315 Gosrau
740 1251 773 1315 ll.
800 1251 819 1333 §
840 1253 919 1333 498.
948 1268 978 1315 2.
1000 1250 1217 1333 Nagelsbach
1235 1250 1274 1314 L.
1300 1245 1367 1314 St.⁷

247 1399 280 1462 p.
309 1381 386 1464 589.
413 1379 563 1444 Praestat
588 1380 688 1462 Igitur·
713 1380 823 1462 legere
847 1389 928 1443 esset
953 1400 1013 1462 pro
1037 1400 1112 1444 esse.

292 1634 378 1701 Cnl‘.
416 1633 449 1700 6.
498 1636 544 1719 (p.
583 1637 661 1700 228.
698 1634 765 1720 36).
814 1634 975 1700 Iudaicus
1009 1635 1177 1699 exercitus
1223 1635 1257 1701 V.
1286 1634 1367 1698 Idus

244 1761 356 1828 Iulias
379 1762 474 1847 apzcd
495 1763 603 1846 z'pnszaem
623 1764 757 1828 iuravit
780 1765 880 1847 vulgo
902 1765 1040 1847 legitur,
1066 1764 1125 1828 sed
1151 1765 1243 1828 Paris
1259 1762 1366 1826 61162

244 1892 345 1957 Basil.
371 1891 520 1958 Vindob.
553 1911 563 1956 1
595 1894 722 1958 habent
756 1892 790 1959 V.
818 1893 902 1959 Kal.
928 1892 994 1959 Iul.
1018 1894 1109 1977 quod
1127 1895 1283 1958 nimirum
1308 1895 1364 1970 iis,

245 2041 333 2104 quac
365 2021 588 2104 praecedunt:
622 2021 678 2101 „in
711 2021 813 2084 verba
846 2020 1045 2104 Vespasiani
1078 2022 1226 2103 legiones
1254 2021 1367 2103 adegit

246 2149 302 2214 Kl.
329 2147 412 2213 lul.’'
438 2149 643 2212 adversatur.
670 2147 886 2231 Quamquam
912 2149 996 2211 haec
1023 2149 1095 2231 ipsa
1119 2150 1262 2213 varietas
1284 2149 1365 2211 mihi

245 2278 405 2342 indicium
430 2297 503 2340 esse
518 2275 651 2339 videtur
667 2275 709 2338 de
734 2276 876 2339 lectione
899 2274 934 2341 V.
956 2275 1009 2340 Id.
1027 2275 1094 2340 Iul.
1121 2297 1186 2339 non
1205 2287 1366 2341 constare.

246 2404 374 2469 Verum
400 2405 501 2488 Igitur
521 2405 644 2468 vidisse
669 2404 839 2486 putandus
865 2414 915 2468 est
939 2406 1112 2469 Ernestius
1137 2426 1155 2468 e
1176 2405 1258 2468 Tac.
1279 2405 1365 2468 Hist.

245 2535 275 2597 II
301 2549 360 2616 79,
388 2535 450 2611 81,
476 2534 651 2596 restituens
678 2531 713 2598 V.
739 2530 857 2596 Nonas
879 2530 1001 2596 Iulias
1036 2531 1148 2615 Quam
1166 2530 1365 2594 emendandi

243 2664 407 2727 rationem
432 2664 531 2746 plane
558 2661 814 2743 improbandam
838 2681 1025 2737 censerem,
1052 2662 1078 2723 si
1105 2662 1231 2744 ubique
1258 2662 1290 2724 in
1312 2682 1366 2723 co·

242 2793 374 2857 dicibus
399 2789 608 2874 corupareret
641 2789 676 2856 V.
702 2789 783 2853 Idus
800 2789 926 2866 Iulias,
953 2801 1065 2855 nostro
1083 2801 1195 2854 autem
1216 2791 1290 2854 loco
1309 2791 1366 2853 ubi

244 2919 406 2984 fluctuant
437 2918 536 2982 codd.
574 2919 771 3000 comprobo
801 2955 845 2964 -
874 2919 927 2981 De
956 2939 990 2980 re
1027 2920 1098 3001 ipsa
1124 2920 1165 2984 ci.
1206 2919 1366 2982 Merivalc

203 3116 206 3122 .
245 3047 289 3111 Η.
315 3048 354 3110 oi
373 3048 430 3110 the
467 3048 567 3110 Rom.
603 3045 662 3110 Vl.
692 3062 772 3127 437.
810 3067 841 3109 n.
893 3045 1034 3110 Fallitur
1067 3056 1178 3109 autem
1213 3046 1365 3110 Schiller.

244 3175 345 3240 Rom.
373 3175 558 3239 Kaiserzeit
583 3195 615 3257 p.
644 3191 711 3256 394
744 3174 856 3256 potius
882 3173 1078 3238 Suetonium
1105 3184 1239 3239 secutus
1264 3195 1365 3257 quam

245 3304 422 3382 Tacitum,
456 3306 509 3368 eui
544 3306 576 3367 in
611 3304 734 3367 talibus
764 3305 863 3367 rebus
890 3305 995 3368 maior
1017 3305 1101 3368 fides
1126 3325 1228 3387 quam
1255 3313 1366 3367 nostro

246 3442 296 3497 est
321 3431 489 3497 habenda.

291 3688 378 3753 CAP.
407 3704 460 3752 21.
511 3687 574 3750 Pro
599 3687 722 3750 tradita
748 3686 889 3750 lectione
913 3686 1136 3752 salutabatur
1161 3687 1307 3751 Rothius
1324 3708 1367 3749 ex

244 3814 328 3880 Aur.
366 3815 455 3877 Vict.
494 3814 586 3896 Epit.
613 3814 662 3876 IX
700 3814 872 3876 substituit
895 3814 1092 3891 salutatur,
1131 3812 1222 3896 quod
1248 3814 1366 3876 saltem

246 3940 453 4006 consuetudo
487 3941 660 4004 latinitatis
693 3941 896 4023 postulabat.
946 3942 1062 4023 Atque
1096 3942 1199 4005 habet
1232 3961 1300 4024 quo
1333 3961 1368 4004 se

246 4071 459 4134 commendet
483 4070 567 4132 haec
593 4068 802 4146 emendatio,
828 4088 905 4130 nam
932 4088 1038 4150 paene
1063 4067 1106 4130 ad
1132 4068 1271 4130 verbum
1297 4067 1368 4130 Au-

246 4199 345 4262 relius
370 4208 520 4263 nostrum
546 4199 702 4263 reddidit.
729 4198 796 4262 Sed
822 4208 934 4261 tamen
958 4197 1130 4278 vulgatam
1156 4197 1297 4260 retinere
1313 4216 1368 4260 ve-

245 4327 323 4406 lim,
365 4328 446 4410 quia
476 4327 577 4392 etiam
603 4325 677 4389 aliis
702 4325 784 4388 locis
810 4324 858 4408 (ut
883 4323 965 4388 Tac.
992 4324 1082 4389 Ann.
1110 4325 1203 4389 XIII.
1232 4342 1248 4406 3
1277 4324 1369 4406 „lau-

247 4455 419 4521 dationem
441 4476 580 4520 exorsus
597 4463 662 4531 est,
681 4453 761 4517 dum
780 4453 1014 4536 antiquitatem
1031 4453 1163 4535 generis
1177 4491 1221 4545 T
1235 4474 1369 4518 enume-
