3254 5212
765 559 802 622 51

207 744 370 808 inurbe
399 747 511 816 Roma
533 748 598 813 sub
622 749 746 812 vexillo
772 747 906 812 habitos
931 770 1012 812 esse.
1063 751 1170 812 Immo
1196 770 1239 812 ex
1265 749 1345 830 ipsis

222 871 373 941 Suetonii
398 877 508 938 verbis
525 877 637 958 colligi
656 885 766 959 potest
779 866 977 960 'Augustum
995 878 1145 959 exceptis
1164 877 1344 951 libertinis,

224 1023 308 1087 quos
341 1005 574 1088 conscribebat
607 1005 649 1067 ad
682 1006 836 1068 cohortes
868 1007 1008 1089 vigilum
1034 1005 1225 1068 efficiendas
1250 1004 1347 1087 (Wil-

223 1130 305 1192 lems
330 1131 379 1193 Le
403 1131 491 1195 droit
516 1134 630 1214 public
656 1135 697 1196 R.
724 1155 756 1215 p.
778 1135 856 1216 505)
882 1143 915 1196 et
939 1134 966 1196 si
984 1134 1016 1196 in
1041 1134 1193 1214 graviore
1211 1152 1343 1195 annona

224 1257 385 1321 tumultus
411 1268 652 1338 metuerentur,
680 1261 730 1323 bis
755 1261 819 1322 hoc
846 1262 989 1323 militum
1006 1281 1126 1343 genere
1144 1279 1241 1322 usum
1259 1278 1345 1333 esse,

194 1475 197 1488 ι
225 1387 369 1466 primum
396 1388 427 1448 in
454 1371 652 1450 Macedonia
679 1389 757 1468 (Dio
787 1403 846 1468 55,
876 1389 947 1472 31),
987 1389 1105 1450 ierum
1130 1386 1173 1448 ad
1199 1386 1348 1448 relicien-

224 1515 284 1576 das
316 1515 534 1578 Germanicas
567 1516 714 1597 legiones
748 1516 843 1578 clade
875 1516 1023 1579 Variana
1048 1516 1192 1600 graviter
1217 1515 1347 1578 attritas

226 1645 304 1725 (Dio
340 1659 399 1723 57,
435 1659 465 1722 5.
499 1643 531 1703 ἐκ
550 1650 602 1704 τοῦ
617 1639 744 1705 ἀστικοῦ
759 1617 875 1726 ὃχλόυ).
901 1685 903 1692 ,
925 1644 1043 1724 Itaque
1075 1643 1183 1705 solum
1216 1641 1348 1703 admitti

226 1780 336 1853 potest
368 1769 459 1850 quod
489 1769 685 1833 Torrentius
710 1772 852 1832 coniecit
875 1770 933 1833 sub
951 1771 1098 1852 proprio
1123 1769 1275 1843 vexillo,
1300 1777 1350 1830 est

226 1899 313 1960 enim
339 1897 436 1959 solita
461 1898 611 1960 conlusio
631 1883 720 1960 inter
736 1897 904 1980 proprius
928 1905 961 1960 et
980 1898 1093 1979 prior.
1127 1898 1248 1979 Neque
1271 1916 1350 1958 vero

227 2027 304 2087 huic
321 2024 547 2088 emendationi
569 2026 701 2102 obstat,
728 2025 819 2107 quod
845 2024 1025 2090 Suetonius
1050 2027 1222 2108 subiungit
1246 2025 1349 2088 verba

171 2181 174 2188 ¹
227 2175 358 2236 „neque
395 2163 453 2217 aut
489 2155 692 2216 commixtos
727 2174 803 2215 cum
842 2155 992 2235 ingenuis
1017 2163 1074 2218 aut
1103 2153 1223 2217 eodem
1250 2152 1350 2216 modo

226 2281 412 2359 armatos'',
452 2284 554 2344 immo
591 2303 669 2344 vero
705 2301 780 2344 earn
817 2282 1042 2345 commendat.
1092 2280 1232 2344 Constat
1260 2281 1349 2342 enirn

227 2421 374 2474 nostrum
411 2411 606 2492 saepissime
643 2409 710 2471 duo
737 2410 810 2471 cola
843 2411 1064 2491 coniungere,
1091 2429 1233 2491 quorum
1259 2409 1350 2491 prius

226 2537 330 2600 altero
356 2538 541 2606 accuratius
566 2536 754 2618 definiatur.
797 2605 798 2610 ἵ

273 2667 386 2728 Etiam
420 2665 561 2729 alterum
587 2666 698 2728 locum
724 2666 801 2727 hinc
834 2665 1012 2727 emendare
1042 2685 1219 2747 possumus
1258 2663 1348 2745 Aug.

225 2790 308 2872 'cap.
348 2808 366 2871 7
401 2792 495 2854 nihil
537 2791 687 2872 arnplz'ns
723 2812 822 2874 quam
860 2791 991 2854 mirari
1027 2813 1059 2853 se
1095 2790 1256 2853 rescribit
1286 2800 1353 2870 pro

227 2918 404 3000 opprobrio
439 2917 508 2981 sibi
534 2919 636 3000 prius
674 2939 790 2980 nomen
828 2918 932 2995 obici,
974 2920 1030 2980 ubi
1070 2939 1135 2980 non
1171 2919 1241 2979 sine
1268 2918 1353 2978 iusta

227 3066 327 3108 causa
352 3046 525 3108 Ernestius
550 3045 658 3107 haesit
684 3048 716 3107 in
741 3066 823 3107 voce
841 3045 954 3126 prius.
1005 3044 1106 3125 Quod
1132 3046 1221 3106 enim
1248 3044 1354 3124 expli-

227 3182 303 3235 cant
328 3172 551 3236 Octavianum
577 3171 739 3253 adoptato
765 3173 898 3233 nomine
925 3171 1078 3232 Caesaris
1105 3171 1260 3231 miratum
1283 3189 1354 3230 esse

228 3301 291 3363 sibi
310 3320 431 3362 nomen
443 3349 457 3376 ,
470 3298 561 3380 quod
581 3301 671 3379 prius
689 3300 860 3379 gessisset,
886 3318 946 3378 pro
965 3297 1146 3378 opprobrio
1164 3296 1271 3371 obici,
1291 3295 1355 3356 hoc
1413 3312 1414 3316 ’

226 3429 345 3490 frustra
375 3425 566 3506 intellegere
593 3445 738 3506 quaero,
766 3427 945 3506 potiusque
970 3424 1158 3486 Antonium
1184 3432 1265 3504 puto
1292 3422 1350 3484 ad-

227 3553 421 3617 miraturum
446 3554 563 3628 luisse,
590 3556 616 3614 si
643 3553 817 3634 Augustus
845 3553 904 3615 tali
932 3553 1033 3614 modo
1059 3554 1088 3614 ei
1114 3548 1354 3631 respondisset·

227 3683 338 3764 Quam
367 3684 411 3744 ob
441 3703 510 3744 rem
537 3682 619 3743 haec
645 3681 806 3761 temporis
832 3681 922 3742 notio
949 3678 1117 3741 efferenda
1143 3681 1213 3741 est?
1262 3677 1353 3758 Quid

227 3812 290 3874 hoc
317 3811 359 3873 ad
386 3830 471 3885 rem,
499 3817 609 3870 utrum
634 3809 725 3889 prius
751 3807 815 3868 hoc
841 3829 961 3870 nomen
987 3810 1016 3868 ei
1042 3807 1140 3870 luerit
1157 3827 1199 3868 an
1217 3807 1355 3888 postea?

227 3939 293 4003 Sed
327 3939 369 4002 ad
395 3939 533 4000 verbum
560 3957 676 4000 nomen
702 3935 905 3998 adiectivum
931 3935 1090 3997 accedere
1116 3936 1234 4011 debet,
1266 3935 1355 3998 unde

227 4069 295 4129 iure
320 4067 512 4147 Augustum
539 4064 624 4126 hanc
650 4063 897 4125 cavillationem
917 4063 1072 4124 miratum
1091 4083 1162 4124 esse
1182 4072 1354 4147 appareat¹

226 4192 448 4257 Scribendum
474 4193 574 4272 igitur
599 4200 649 4253 est
666 4189 849 4271 propriam
869 4210 928 4270 pro
945 4190 1048 4272 prius
1065 4190 1129 4251 hoc
1147 4209 1262 4251 sensu:
1289 4212 1355 4252 non

227 4321 391 4386 intellexit
408 4320 602 4401 Augustus,
630 4341 697 4401 quo
725 4320 861 4382 tandem
885 4319 989 4383 modo
1016 4340 1034 4379 e
1060 4319 1193 4380 nomine
1218 4321 1355 4400 proprio

226 4453 258 4532 (i.
286 4471 312 4512 e.
341 4451 384 4511 ab
404 4450 495 4511 urbis
512 4451 646 4532 nomine
663 4449 822 4530 deducto)
842 4449 905 4509 sibi
925 4447 1106 4526 ignominia
1126 4446 1209 4506 inuri
1228 4455 1352 4527 posset·

1178 4555 1215 4631 4*
