3254 5212
798 527 842 589 60

261 730 319 794 sed
331 731 453 793 scabere
463 751 628 793 sermones
639 731 783 812 scriptos
796 733 850 793 hic
863 732 1001 813 quidem
1015 743 1102 796 stare
1115 736 1242 816 nequit.
1262 733 1383 816 Neque

262 859 432 940 vulgatam
464 859 604 941 arreptis
632 861 716 921 serre
748 880 936 941 possumus
985 861 1052 924 Sed
1086 864 1240 943 quamvis
1273 864 1383 926 invitis

261 985 434 1048 codicibus
477 987 719 1049 restituendum
756 997 822 1064 est,
860 990 951 1069 quod
987 1009 1102 1051 sensus
1139 989 1303 1070 postulat:
1342 990 1383 1052 de

258 1113 386 1195 scripto
410 1116 546 1178 solitum
573 1116 604 1177 in
629 1115 687 1177 tali
713 1137 757 1179 re.
785 1115 836 1178 Cf.
863 1115 933 1179 Cic.
953 1116 1037 1178 Phil.
1069 1117 1113 1178 X.
1139 1133 1169 1178 2.
1204 1137 1236 1197 p.
1267 1117 1379 1181 Plane.

263 1257 316 1321 30.
343 1242 385 1304 ad
412 1242 485 1305 Att.
512 1242 570 1305 IV.
600 1260 629 1323 3.
656 1280 701 1288 —
727 1243 924 1306 Ablativum
949 1265 1027 1306 vero
1045 1244 1114 1305 sine
1132 1245 1381 1325 praepositione

259 1371 386 1450 optime
403 1371 618 1433 coniunctum
637 1372 783 1433 invenias
801 1391 877 1432 cum
890 1371 1000 1432 verbis
1012 1371 1098 1432 sicut
1110 1370 1219 1447 adire,
1235 1370 1381 1434 lanciare

260 1497 302 1560 cf.
329 1497 411 1561 Tac.
438 1497 528 1562 Ann.
556 1499 615 1561 IV.
643 1517 685 1580 39
712 1501 825 1576 ,moris
850 1501 976 1581 quippe
994 1508 1064 1561 tum
1083 1509 1154 1562 erat
1171 1519 1379 1580 quamquam

258 1636 467 1707 praesentem
493 1628 617 1708 scripto
643 1625 746 1688 adire’
772 1627 841 1708 (ubi
867 1625 908 1690 cf.
931 1626 1084 1707 Lipsium
1102 1595 1134 1707 p.
1159 1627 1234 1709 122)
1249 1663 1293 1672 —-
1308 1626 1378 1690 Cic.

258 1752 302 1815 ad
327 1753 369 1835 Q
397 1754 435 1816 sr.
467 1754 523 1816 III.
555 1755 586 1816 8.
618 1753 778 1829 ,laudavit
806 1763 901 1834 pater
928 1755 1052 1835 scripto
1075 1753 1172 1817 meo'.
1200 1792 1244 1799 -
1271 1755 1380 1818 Nobis

260 1881 383 1962 fingere
408 1903 584 1964 possumus
608 1903 706 1944 verae
732 1869 932 1944 lectionia’e
959 1883 1086 1963 scripto
1113 1879 1194 1944 ill'ud
1219 1883 1376 1963 scriptia,

258 2009 350 2090 quod
376 2011 408 2071 in
434 2011 603 2091 plerisque
621 2006 697 2072 Msis
716 2019 906 2090 comparet,
933 2011 1149 2072 substitutum
1167 2030 1249 2072 esse.
1277 2009 1377 2092 Quod

257 2139 344 2200 enim
370 2139 413 2200 ad
429 2138 706 2219 significationem
724 2138 858 2213 attinet,
885 2138 1004 2199 eodem
1023 2145 1201 2218 utrumque
1218 2137 1314 2202 redit.
1327 2176 1374 2216 .-

259 2266 311 2329 De
337 2268 421 2329 Iulio
447 2266 608 2342 Caesare,
636 2268 692 2347 qui
719 2265 816 2327 huius
835 2267 936 2327 moris
954 2267 1103 2328 inventor
1119 2265 1219 2327 fuisse
1236 2267 1376 2342 videtur,

257 2394 454 2457 Plutarchus
479 2393 560 2456 dicit
584 2387 637 2453 dcci
651 2386 845 2484 ’γραμμάτων
868 2395 930 2460 τοῖς
953 2386 1051 2460 (πίλοις
1074 2385 1200 2468 ὁμιλεῖν.

304 2580 388 2644 CAP.
417 2580 470 2642 86.
524 2579 631 2642 Gerous
659 2579 837 2661 eloquendi
858 2588 989 2640 sccntns
1012 2589 1061 2640 est
1084 2578 1220 2660 elegans
1244 2588 1277 2640 ct
1295 2590 1376 2640 tenc-

249 2719 431 2790 peratncn,
456 2707 580 2770 vitatis
602 2705 848 2768 sententiarum
875 2705 1014 2786 ineptiis
1032 2715 1134 2786 atqne
1149 2705 1377 2768 concinnitate

256 2859 324 2918 eqs
375 2837 431 2901 Sic
468 2829 605 2899 Memm.
632 2835 776 2897 Medicei
803 2834 950 2897 Vindob.
978 2834 1074 2897 Huls,
1102 2834 1271 2912 Harlem.,
1298 2857 1374 2897 cum

256 2966 356 3046 vulgo
394 2975 569 3028 exaratum
600 2967 654 3026 est'
675 2962 955 3038 inconcinnitate,
983 2962 1074 3044 quod
1100 2963 1250 3043 profecto
1276 2983 1374 3025 nemo

254 3093 412 3174 probabit
437 3113 525 3169 ,nam
551 3092 776 3154 verisssimum
802 3089 861 3153 est'
888 3090 975 3172 (sunt
1001 3091 1234 3172 Oudendorpii
1258 3092 1372 3172 verba)

255 3223 292 3298 ,si
311 3223 603 3284 inconcinnitatem
628 3223 747 3283 vitaret
765 3220 948 3300 Augustus,
971 3219 1052 3281 nihil
1070 3241 1145 3281 eum
1167 3228 1283 3282 notatu
1303 3219 1375 3300 dig-

256 3370 333 3410 num
360 3349 524 3411 iacturum
558 3348 669 3410 fuisse.
720 3347 808 3409 Nam
835 3347 909 3427 quis
934 3357 992 3408 aut
1016 3356 1127 3409 orator
1151 3356 1208 3408 aut
1233 3349 1375 3427 scriptor

255 3499 329 3540 eam
347 3499 413 3539 non
429 3478 543 3541 vitat'?
569 3477 705 3538 Plurimi
725 3478 823 3556 igitur
840 3474 984 3537 editores
997 3477 1101 3537 secuti
1115 3485 1190 3538 sunt
1202 3497 1269 3551 eos,
1289 3498 1374 3557 quos

253 3606 443 3668 enumeravi
467 3605 601 3666 codices
626 3605 823 3685 praebentes
839 3603 1076 3666 concinnitate.
1114 3603 1182 3665 Sed
1201 3605 1372 3684 quomodo

253 3732 408 3815 Augusto
441 3733 574 3812 elegans
608 3741 641 3794 et
672 3740 895 3812 temperatum
928 3729 1061 3792 dicendi
1094 3751 1198 3811 genus
1235 3732 1370 3794 attribui

252 3861 374 3943 possit,
400 3862 427 3923 si
452 3861 606 3942 vitaverit
631 3860 890 3921 concinnitatem
917 3859 968 3919 i.e.
996 3859 1119 3919 iustum
1145 3877 1320 3920 numerum
1338 3867 1372 3920 et

252 3988 402 4050 ordinem
439 3988 692 4063 sententiarum,
720 4006 787 4068 quo
812 3986 962 4066 singulae
988 3986 1146 4047 orationis
1170 3993 1282 4066 partes
1306 3985 1369 4046 sibi

251 4115 391 4176 invicem
427 4115 652 4197 respondeant
687 4123 720 4175 et
756 4115 851 4195 quasi
888 4133 996 4193 aequo
1034 4112 1188 4174 examine
1225 4113 1310 4173 inter
1333 4132 1368 4173 se

249 4251 477 4323 exaequentur
490 4242 522 4323 1).
554 4241 629 4304 Hoc
647 4251 697 4303 est
713 4249 935 4322 temperatum
957 4238 1037 4302 illud
1055 4260 1159 4322 genus
1177 4238 1366 4323 eloquendi,

283 4473 302 4532 1)
339 4468 377 4518 Cs.
396 4467 450 4518 Cic.
469 4470 541 4519 Brut.
559 4478 600 4532 95.
618 4467 662 4516 Or.
681 4478 721 4532 25.
