3254 5212
772 539 811 633 23

281 759 355 822 Nisi
390 759 475 823 forte
511 780 588 822 cum
624 759 815 822 Burmanno
852 758 1086 841 corrigendum
1124 767 1173 821 est
1201 756 1358 841 quamvis

232 887 317 950 dare
348 887 560 967 destmarat,
587 889 679 971 quod
704 888 841 971 quidem
866 888 986 952 eodem
1011 888 1110 966 redit,
1135 886 1194 950 sed
1220 888 1290 969 ipse
1308 886 1355 948 in-

232 1016 396 1080 dicativus
420 1026 497 1100 post
513 1016 670 1098 quamvis
681 1016 823 1079 librariis
837 1015 945 1079 sraudi
958 1036 1030 1078 esse
1043 1015 1162 1097 potuit.
1192 1011 1357 1091 Quamvis

232 1167 308 1208 cum
333 1146 437 1210 Indic.
467 1147 572 1209 habes
597 1145 687 1229 apud
713 1146 786 1208 Liv.
813 1146 853 1208 II.
878 1161 934 1224 40.
963 1160 997 1224 7,
1025 1143 1194 1224 Nepotem
1219 1140 1305 1204 Milt.
1335 1157 1352 1202 2

232 1283 265 1338 et
288 1276 485 1370 saepissime
509 1275 600 1357 apud
625 1283 754 1356 poetas.
783 1271 834 1337 Cf.
860 1257 1080 1355 Oudendorp.
1108 1269 1152 1333 ad
1177 1270 1211 1333 h.
1237 1270 1258 1334 1.

277 1401 368 1484 Quid
393 1412 506 1466 autem
532 1402 733 1501 amplectar,
761 1401 872 1500 adhuc
898 1401 1020 1464 dubius
1042 1391 1176 1464 haereo.

277 1638 362 1704 CAP.
395 1654 452 1720 45.
521 1640 647 1703 Omnes
689 1641 764 1702 libri
799 1640 948 1702 maximo
988 1657 1149 1700 consensu
1192 1636 1353 1699 exhibent

230 1769 407 1831 lectionem
430 1769 573 1846 aderat,
596 1770 658 1832 nisi
684 1768 775 1851 quod
802 1768 912 1830 codex
931 1767 1055 1829 Nonnii
1074 1776 1106 1831 et
1123 1765 1226 1828 editio
1252 1764 1352 1828 Basil.

236 1910 271 1976 15
279 1913 318 1976 33
347 1897 474 1960 habent
497 1897 639 1976 aberat,
665 1898 756 1981 quod
781 1897 1005 1960 necessarium
1022 1916 1094 1958 esse
1109 1895 1258 1971 videtur,
1277 1910 1353 1955 cum

230 1998 410 2107 sequantur
426 2027 543 2109 petita
568 2027 667 2090 venia
696 2049 785 2109 eqs.,
811 2048 898 2109 quae
920 2027 1023 2090 verba
1047 2025 1195 2088 indicant
1218 2023 1354 2105 Augus·

229 2162 301 2217 tum
325 2163 404 2217 tunc
428 2176 447 2217 a
471 2157 663 2238 spectaculo
687 2158 821 2222 afuisse.

276 2255 353 2347 Sed¹
369 2304 448 2346 sane
474 2305 678 2367 magnopere
704 2272 892 2348 mirandum
918 2285 1229 2364 est‘manuscriptos
1249 2277 1358 2344 iibro's

229 2411 314 2475 adeo
354 2413 386 2474 in
425 2414 545 2476 vitiosa
583 2413 724 2476 lectione
761 2413 988 2476 conservanda
1024 2412 1252 2493 conspirasse,
1295 2409 1352 2471 ubi

228 2541 389 2602 correctio
414 2550 483 2603 tam
509 2541 541 2602 in
556 2548 712 2622 promptu
739 2550 835 2604 esset.
885 2539 984 2622 Quod
1010 2539 1120 2602 denuo
1138 2537 1239 2620 paulo
1264 2537 1349 2600 inira

228 2667 429 2731 offendimus
451 2668 495 2748 (p.
526 2665 602 2730 60.1
633 2666 685 2730 ed.
712 2667 934 2750 Rothianae),
961 2669 1018 2731 ubi
1039 2668 1110 2730 sola
1127 2667 1246 2730 eadem
1264 2667 1348 2728 haec

229 2795 331 2858 editio
360 2795 552 2858 Basiliensis
590 2809 673 2875 1533
709 2815 770 2877 pro
796 2795 894 2878 longo
915 2777 1081 2858 ¹mendoso
1107 2795 1246 2878 praebet
1267 2794 1345 2856 locu.
1394 2873 1396 2878 Ι

229 2923 348 3005 Neque
381 2933 505 2986 temere
543 2924 782 2986 correctionem
818 2923 939 2986 aberat
976 2925 1007 2985 in
1039 2931 1170 2986 textum
1199 2917 1349 3002 recipere

224 3052 349 3128 ausim,
389 3051 480 3132 quod
506 3061 584 3114 tunc
622 3052 741 3113 mirum
776 3061 939 3133 quantum
975 3043 1154 3114 Suetonius
1186 3050 1249 3112 sibi
1276 3049 1346 3130 ipse

224 3179 490 3244 contradiceret.
517 3182 692 3262 Augustus
707 3182 856 3244 maximo
874 3180 985 3244 studio
1003 3201 1042 3243 ac
1058 3180 1231 3262 voluptate
1252 3199 1346 3260 spec-

223 3309 314 3370 tandi
351 3311 543 3386 tenebatur,
582 3332 684 3392 quam
719 3313 789 3394 ipse
814 3332 915 3393 saepe
941 3310 1109 3392 professus
1134 3317 1205 3384 est,
1244 3302 1346 3389 idque

224 3433 309 3496 adeo
328 3445 363 3497 ut
377 3423 537 3517 'quotiens'
553 3439 745 3518 spectaculo
764 3423 952 3515 interesset,
978 3447 1086 3501 totum
1105 3439 1134 3500 ei
1156 3458 1191 3500 se
1209 3435 1348 3498 dederet

223 3582 284 3623 nec
309 3540 615 3644 quicquam‘aliud
641 3575 765 3646 ageret.
816 3565 864 3629 At
889 3565 1001 3628 hercle
1033 3565 1206 3647 quomodo
1231 3573 1344 3628 nostro

225 3688 326 3752 fidem
351 3689 536 3753 habeamus
562 3693 707 3755 narranti
732 3713 809 3755 eum
835 3693 995 3774 plurimas
1020 3692 1136 3768 horas,
1164 3692 1231 3753 imo
1257 3700 1345 3754 totos

224 3818 296 3880 dies
321 3838 341 3878 a
364 3799 558 3898 spectaculo
591 3819 731 3896 afuisse,
765 3820 892 3902 quippe
922 3842 989 3902 qua
1022 3841 1056 3882 re
1083 3820 1138 3882 illa
1171 3820 1344 3902 spectandi

224 3945 390 4027 cupiditas
408 3966 473 4007 non
492 3947 537 4008 ita
555 3956 633 4028 apte
649 3967 684 4008 se
703 3947 946 4010 manifestaret?
972 3949 1093 4029 Neque
1106 3947 1170 4010 hoc
1183 3946 1344 4011 Suetonio

224 4071 429 4135 efferendum
446 4083 534 4148 erat,
561 4074 652 4155 quod
678 4095 737 4155 per
753 4084 842 4138 totos
866 4076 937 4139 dies
955 4097 974 4138 a
991 4075 1183 4158 spectaculo
1209 4076 1342 4152 aberat,

225 4200 316 4280 quod
334 4222 413 4263 sane
430 4223 496 4263 non
514 4203 559 4263 ita
577 4203 896 4265 commemoratione
914 4202 1052 4283 dignum
1070 4179 1234 4280 erat3'sed
1253 4202 1343 4283 quod

225 4334 340 4406 utpote
364 4328 537 4408 spectandi
563 4328 800 4410 cupidissimus
821 4350 879 4412 per
905 4350 1062 4412 magnum
1088 4329 1249 4412 temporis
1268 4350 1344 4411 spa-

224 4452 308 4514 tium
333 4455 526 4536 spectaculo
560 4455 720 4518 interesse
745 4455 885 4519 solebat.
936 4455 1047 4539 Quam
1073 4477 1142 4519 rem
1170 4457 1344 4538 sequentia
