3254 5212
828 482 846 541 8

274 686 424 768 reposuit
451 684 684 768 responderet,
717 684 809 768 quod
836 683 1068 767 imperfectum
1094 682 1243 746 iactaret
1267 690 1398 744 antece-

274 813 378 878 deret.
442 811 637 893 Antequam
674 812 833 894 profitear
870 810 952 893 quid
990 811 1073 874 mihi
1110 811 1288 893 legendum
1326 831 1397 874 esse

273 942 436 1018 videatur,
463 961 571 1023 pauca
596 939 678 1002 mihi
704 939 847 1003 dicenda
872 948 949 1003 sunt
972 939 1015 1003 de
1041 941 1113 1023 ipsa
1130 960 1233 1022 quam
1251 939 1397 1033 Rothius

274 1072 306 1134 in
343 1079 437 1134 textu
474 1067 709 1132 constituendo
746 1076 879 1130 secutus
916 1078 966 1130 est
1002 1068 1142 1131 ratione.
1191 1068 1396 1150 Magnopere

274 1199 362 1262 enim
397 1197 499 1261 miror
535 1217 611 1259 eum
649 1195 875 1259 coniecturam
900 1195 1068 1258 Torrentii
1094 1196 1126 1257 in
1152 1205 1282 1259 textum
1308 1215 1397 1258 rece·

273 1327 372 1408 pisse.
423 1325 531 1402 Nam,
565 1333 602 1388 ut
634 1324 737 1405 ipsius
769 1323 880 1386 verbis
909 1332 987 1397 utar
1020 1323 1136 1406 (praef.
1163 1343 1196 1405 p.
1224 1323 1394 1406 XXXV),

274 1454 406 1535 „magis
431 1464 481 1516 est
505 1452 694 1516 mirandum
709 1450 800 1533 quod
815 1460 966 1534 tempore
984 1451 1133 1534 perfecto
1149 1461 1183 1513 et
1201 1451 1396 1533 imperfecto

274 1602 340 1644 non
358 1602 432 1643 raro
450 1581 639 1663 promiscue
657 1601 735 1642 usus
753 1600 824 1642 esse
840 1578 981 1642 videtur.
998 1578 1203 1662 (Sequuntur
1215 1579 1394 1662 exempla).

271 1709 368 1792 Quae
393 1708 550 1791 exempla
568 1729 607 1771 eo
625 1708 782 1771 libentius
800 1708 967 1788 congessi,
986 1706 1078 1790 quod
1096 1707 1254 1770 nonnulla
1271 1718 1394 1770 temere

273 1836 306 1898 in
330 1817 394 1898 haic
426 1855 563 1918 quoque
591 1833 737 1906 editione
762 1834 804 1896 ad
831 1834 981 1914 regulam
1007 1835 1087 1897 artis
1113 1845 1261 1898 correcta
1285 1835 1394 1900 sunt’'.

271 1963 330 2026 Ab
363 1983 403 2025 eo
436 1963 494 2044 qui
529 1962 618 2024 hunc
652 1964 684 2025 in
718 1962 856 2025 modum
882 1963 1085 2043 singularem
1112 1985 1207 2026 usum
1233 1962 1395 2026 Suetonio

269 2089 419 2154 vindicat
458 2111 538 2152 sane
578 2111 644 2152 non
686 2099 921 2173 exspectamus
962 2101 998 2154 ut
1034 2094 1154 2174 probet
1192 2093 1393 2156 mutationes

272 2220 395 2302 quibus
428 2219 484 2281 alii
517 2218 669 2282 Suetonii
701 2219 804 2282 verba
833 2218 875 2281 ad
902 2240 998 2282 usum
1024 2207 1237 2284 communem
1262 2242 1395 2284 accom-

272 2346 409 2410 modare
443 2347 650 2411 studuerunt.
701 2347 863 2410 Similiter
895 2348 966 2409 sine
991 2348 1076 2410 iusta
1102 2369 1202 2410 causa
1227 2348 1332 2431 Vesp.
1358 2367 1391 2426 4.

270 2476 494 2538 coniecturam
528 2476 665 2557 Egnatii
690 2475 860 2557 oblz‘garz't
886 2476 1074 2539 intextum
1100 2478 1237 2558 recepit.
1268 2515 1312 2523 -
1340 2478 1391 2541 Cs.

270 2604 400 2666 Gosrau
426 2604 466 2667 L.
489 2603 531 2668 G.
557 2605 576 2685 ᾗ
599 2622 676 2687 399.
715 2602 807 2666 Adn.
836 2621 863 2668 1.
889 2602 1023 2667 -Sed
1047 2604 1213 2666 ambabus
1238 2605 1392 2668 manibus

268 2731 464 2814 accipienda
502 2741 552 2794 est
582 2729 822 2826 'Oudendorpii
861 2731 1052 2794 emendatio
1090 2732 1264 2814 respondit
1300 2735 1393 2796 cuius

269 2859 353 2922 haec
378 2859 463 2923 ratio
488 2857 656 2921 redditur:
684 2880 773 2938 „non
798 2859 970 2941 respondit
996 2859 1135 2938 Caesar,
1162 2862 1241 2944 quia
1266 2861 1391 2942 gaudio

269 2987 375 3051 elatus
399 3007 466 3051 non
483 2988 682 3069 temperavit
706 2987 789 3063 sibi,
823 2986 881 3049 sed
902 2987 982 3069 quia
1000 2989 1201 3052 contumelia
1219 2989 1392 3052 obscoeni-

268 3117 364 3194 tatis,
396 3115 439 3179 de
465 3137 531 3198 qua
557 3116 611 3178 hic
637 3136 702 3178 non
728 3116 904 3196 cogitavit,
932 3116 995 3198 ipsi
1023 3127 1094 3180 erat
1119 3116 1243 3181 dicta.''
1269 3155 1314 3164 —
1340 3119 1392 3181 De

268 3254 457 3326 temporum
492 3244 525 3306 in
551 3242 724 3306 codicibus
750 3243 944 3306 confusione
971 3245 1083 3307 omnia
1109 3245 1175 3308 iam
1201 3254 1280 3308 nota
1304 3256 1390 3310 sunt.

317 3497 403 3562 CAP.
436 3513 490 3579 27.
545 3499 660 3562 Verba
685 3499 838 3563 omnibus
858 3521 887 3563 e.
902 3522 935 3583 q.
950 3521 975 3564 s.
999 3500 1164 3583 usquead
1180 3522 1304 3583 genere
1325 3502 1392 3565 foe·

268 3627 405 3690 dissime
440 3627 558 3691 vitiata
594 3637 670 3691 sunt
708 3637 741 3691 et
778 3628 879 3691 miror
912 3629 1076 3692 Rothium
1102 3649 1141 3691 ea
1166 3629 1280 3712 qualia
1306 3651 1392 3693 nunc

270 3754 424 3836 leguntur
455 3764 534 3818 uta
559 3754 710 3818 Suetonii
737 3776 837 3818 manu
864 3756 1014 3837 profecta
1039 3756 1183 3821 dedisse.
1234 3758 1392 3822 Concedo

270 3905 289 3946 a
326 3883 417 3946 nullo
454 3882 565 3946 adhuc
603 3883 648 3946 ita
686 3882 863 3946 emendata
900 3904 971 3946 esse
1006 3893 1042 3947 ut
1070 3886 1267 3948 correctioni
1292 3887 1391 3949 alicui

269 4013 483 4095 acquiescere
523 4013 688 4095 possimus
720 4013 779 4076 sed
813 4015 929 4095 utique
961 4022 1109 4096 praestat
1145 4014 1392 4078 conclamatum

269 4140 381 4203 locum
417 4140 516 4202 obelo
551 4148 677 4202 notare.
703 4141 885 4203 —Primo
923 4142 954 4204 in
984 4141 1041 4203 illo
1061 4142 1224 4223 gratuito
1249 4143 1391 4222 haereo,

269 4266 361 4350 quod
386 4269 413 4330 si
446 4268 611 4331 trahimus
636 4266 680 4330 ad
697 4269 840 4351 fenore,
867 4268 1050 4332 absurdum
1076 4291 1209 4334 sensum
1235 4273 1391 4353 praebet,

271 4415 349 4459 nam
386 4394 477 4459 nullo
515 4393 616 4458 modo
652 4395 841 4479 significare
877 4406 987 4479 potest
1011 4398 1159 4482 pecum’a
1183 4399 1255 4464 sine
1280 4401 1393 4467 usuris
