3254 5212
774 510 810 556 11

232 699 340 778 dicio,
367 701 452 765 inter
476 721 564 784 quae
588 700 670 784 quid
693 701 865 765 interesset
884 708 972 765 recte
991 697 1072 761 mihi
1091 695 1353 778 Oudendorpius

231 828 432 917 stabilivisse
455 827 597 892 videtur.

279 957 478 1039 Accipimus
513 957 602 1019 enim
638 956 690 1020 vel
725 955 908 1038 redigimus
944 956 976 1018 in
1012 955 1217 1028 deditionem
1254 952 1352 1015 urbes

232 1085 625 1161 obsessashominesve,
658 1085 716 1167 qui
742 1083 918 1148 obsidione
940 1084 993 1147 vel
1018 1083 1269 1178 oppugnatione
1294 1079 1352 1155 ad,-

228 1212 399 1286 ¹ducuntur
423 1222 459 1277 ut
483 1234 518 1275 se
543 1211 686 1290 dedant;
714 1212 746 1273 in
771 1210 940 1274 dicionem
965 1220 1076 1293 autem
1094 1210 1276 1292 redigimus
1294 1229 1351 1272 eos

230 1364 316 1426 quos
351 1345 447 1431 nobis
483 1343 676 1406 subicimus.
726 1340 784 1403 Ad
821 1362 923 1423 quam
961 1361 1113 1404 normam
1145 1360 1261 1404 omnes
1285 1339 1349 1402 loci

231 1471 288 1535 ubi
325 1471 410 1534 haec
445 1471 548 1535 verba
584 1480 761 1534 occurrunt
794 1469 960 1553 dirigendi
985 1479 1079 1547 sunt,
1113 1490 1217 1552 quare
1253 1468 1351 1532 facile

230 1593 409 1685 apparebit
440 1609 551 1664 utrum
582 1599 851 1682 praeoptandum
887 1601 940 1663 sit.
990 1600 1107 1682 Itaque
1139 1607 1252 1661 nostro
1277 1597 1351 1660 loco

231 1730 303 1792 sine
316 1727 614 1810 dubio-legendum
628 1736 678 1790 est
691 1727 726 1790 in
738 1726 942 1791 deditionem
956 1705 1112 1804 redecte,
1130 1725 1222 1808 quod
1235 1725 1352 1788 Domi-

230 1858 295 1921 tius
323 1856 461 1920 Corfinii
486 1856 643 1919 0bsessus
666 1855 804 1918 tandem
828 1876 964 1919 suorum
990 1855 1180 1938 proditione
1204 1852 1352 1935 compel-

229 1985 308 2050 litur
340 1995 376 2049 ut
408 1984 544 2048 Caesari
567 1995 614 2046 'se
643 1983 770 2060 tradat,
805 2005 825 2046 a
849 2005 917 2066 quo
942 1994 1055 2048 tamen
1080 1983 1237 2046 dimissus
1261 1981 1352 2044 sesti-

229 2121 347 2176 nanter
375 2111 590 2175 Brundisium
614 2109 658 2173 ad
683 2111 882 2193 Pompeium
907 2111 1024 2175 tendit.
1074 2111 1147 2182 Nec
1180 2130 1259 2172 sane
1285 2109 1351 2171 huc

229 2239 375 2322 quadrat
399 2238 435 2302 in
460 2235 643 2316 dicionem,
670 2239 727 2302 ubi
753 2237 877 2301 Caesar
901 2240 1015 2302 statim
1040 2260 1116 2302 eum
1142 2239 1235 2302 abire
1252 2239 1349 2302 sinat.

230 2367 267 2428 cs
286 2367 388 2430 etiam
412 2367 480 2429 Dio
504 2385 568 2445 41,
600 2383 651 2430 10.
670 2401 714 2412 -
731 2377 764 2430 et
780 2388 868 2450 quae
885 2367 1105 2450 Oudendorp.
1121 2376 1155 2431 et
1167 2367 1350 2450 Baumgar·

228 2494 470 2558 ten-Crusius
494 2494 632 2558 laudant
657 2494 824 2577 exempla.

275 2750 360 2815 CAP.
389 2753 443 2831 38.
492 2751 558 2813 Hic
595 2771 731 2833 quoque
769 2752 801 2813 in
827 2760 991 2834 apparatu
1016 2751 1131 2813 critico
1156 2749 1348 2812 Rothianae

231 2878 389 2942 editionis
421 2879 542 2942 vellem
575 2891 838 2944 commemorata
874 2880 991 2942 suisset
1036 2878 1128 2941 varia
1164 2876 1264 2940 lectio
1299 2897 1349 2940 re-

193 2981 194 2984 *
227 3007 411 3069 centiorum
436 3007 592 3071 codicum
617 3008 719 3073 Periz.
751 3009 901 3072 Harlem.
936 3017 969 3072 et
1004 3006 1134 3089 aliquot
1162 3004 1347 3082 editionum

227 3142 263 3196 ut
298 3132 379 3197 Ald.
418 3132 537 3215 Steph.
569 3133 729 3213 Junkeri,
767 3134 896 3198 adiecit
931 3135 1066 3216 epulum
1108 3133 1158 3194 ad
1201 3132 1348 3196 viscera-

227 3259 372 3336 tionem,
425 3258 517 3342 quod
554 3269 703 3328 veterum
740 3261 896 3325 codicum
933 3262 1067 3325 lectioni
1107 3282 1147 3324 ac
1183 3261 1348 3344 praetule-

225 3389 288 3451 rim
323 3407 400 3450 cum
437 3388 645 3468 Burmanno;
682 3411 722 3452 ec
758 3399 870 3453 autem
908 3389 1092 3454 defendunt
1126 3391 1288 3454 Graevius
1313 3399 1347 3453 et

225 3516 423 3580 Gronovius.
473 3515 542 3580 Sed
579 3518 661 3580 mihi
691 3519 734 3581 ab
759 3520 850 3582 omni
877 3527 972 3601 parte
996 3520 1160 3601 persuasit
1185 3518 1346 3581 Burman-

221 3660 286 3706 ·nus
317 3653 396 3708 tunc
429 3653 579 3708 nostrum
612 3647 812 3729 scripturum
846 3648 946 3710 luisse
965 3647 1147 3729 praebuit,
1174 3646 1270 3710 dedit
1292 3647 1345 3709 vel

224 3772 332 3836 simile
367 3774 507 3856 aliquid.
568 3773 627 3838 Sin
662 3796 741 3838 vero
778 3775 918 3840 adhibet
952 3775 1081 3838 adiecit
1117 3774 1266 3857 (adicere
1300 3775 1350 3837 ad

223 3889 344 3984 legitur
366 3902 476 3966 Caes.
514 3919 568 3988 79.
605 3903 724 3968 Claud,
755 3903 807 3987 16)
840 3905 935 3987 sequi
960 3903 1062 3967 debet
1085 3903 1148 3981 ad,
1175 3925 1252 3967 nam
1278 3925 1343 3967 non

223 4049 300 4093 cum
325 4030 382 4107 iis,
419 4051 508 4113 quae
532 4031 757 4113 praecedunt,
783 4032 923 4095 verbum
948 4031 1116 4095 adiciendi
1141 4034 1343 4114 coniungen-

222 4158 303 4220 dum
328 4168 389 4223 est.
416 4157 492 4240 Quo
510 4167 621 4221 autem
640 4158 758 4220 melius
775 4157 958 4222 liberalitas
975 4159 1128 4222 Caesaris
1146 4160 1341 4237 illustretur,

222 4296 334 4349 narrat
347 4286 526 4350 Suetonius
540 4308 616 4350 eum
633 4308 699 4350 non
718 4297 754 4351 ut
770 4288 826 4350 alii
845 4297 903 4351 aut
918 4289 1174 4350 viscerationem
1191 4298 1249 4353 aut
1263 4310 1342 4372 epu-

222 4413 291 4478 lum
325 4414 518 4497 praebuisse
550 4415 609 4478 sed
635 4416 738 4479 etiam
757 4415 974 4486 viscerationi
999 4417 1136 4499 epulum
1162 4416 1342 4490 addidisse.
