3254 5212
817 575 862 639 66

279 780 338 844 sed
364 780 536 844 doloribus
561 780 663 844 modo
688 781 847 862 gravibus
872 780 974 844 modo
1000 753 1195 857 imminutis,
1215 782 1314 843 itaut
1338 801 1403 842 non

278 910 377 972 nimis
402 910 520 972 morbo
537 918 766 986 enervaretur,
784 910 865 971 satis
887 909 972 972 bene
989 920 1060 971 erat
1076 909 1119 972 ad
1138 909 1403 991 perspectandos

276 1035 408 1100 ludos.”
439 1073 483 1083 —
512 1038 565 1099 De
589 1037 693 1100 verbo
726 1047 839 1099 tamea
864 1039 964 1100 tertio
996 1037 1070 1100 loco
1104 1038 1215 1119 posito
1244 1037 1287 1099 cf.
1315 1036 1398 1100 Sall.

279 1163 352 1226 Cat.
380 1165 411 1226 8.
438 1185 513 1243 „res
538 1173 653 1246 gestae
681 1165 762 1227 satis
782 1165 916 1246 amplae
933 1201 977 1211 —
994 1185 1109 1227 verum
1135 1164 1310 1246 aliquanto
1335 1165 1395 1224 mi-

278 1310 374 1352 nores
399 1288 547 1352 tamen.'’
575 1288 645 1352 Cic.
671 1291 767 1353 Verr.
793 1291 853 1354 IV.
882 1308 912 1370 3.
939 1306 971 1370 7.
1003 1327 1047 1336 -
1073 1290 1181 1354 Simul
1215 1311 1336 1353 moneo
1372 1293 1404 1353 in

277 1416 434 1480 Salmasii
456 1417 573 1479 codice
595 1425 727 1479 exstare
744 1417 953 1493 harznm'sai,
979 1418 1072 1499 quod
1097 1419 1199 1480 miror
1224 1438 1243 1479 a
1273 1417 1406 1480 Rothio

277 1565 342 1608 non
368 1564 439 1607 esse
464 1540 661 1626 receptum.'
698 1543 750 1605 De
775 1553 938 1625 perpetua
964 1544 1158 1608 confusione
1184 1545 1268 1606 inter
1291 1544 1347 1606 sai
1366 1553 1399 1606 et

275 1691 333 1734 sua
358 1673 400 1734 cs.
428 1669 647 1751 Oudendorp.
673 1670 717 1732 ad
743 1669 835 1733 Suet.
863 1670 959 1735 Caes.
988 1688 1042 1751 30.
1061 1709 1105 1718 -
1123 1671 1215 1754 Aug.
1243 1691 1288 1754 94
1306 1673 1349 1736 in.

325 1924 478 1987 VESPAS.
505 1923 590 1988 CAP.
608 1941 642 2002 4.
679 1925 848 2007 Defuncti
870 1946 997 2006 qaoque
1012 1925 1174 1988 Narcissi
1188 1925 1296 1988 amici
1304 1937 1402 2006 pero-

277 2071 361 2114 sam.
388 2052 465 2114 Duo
491 2061 568 2115 sunt
592 2051 657 2114 hoc
682 2051 756 2113 loco
781 2072 868 2132 quae
894 2052 1127 2114 emendatione
1144 2061 1262 2134 egent,
1289 2062 1321 2115 et
1338 2055 1403 2115 sin·

280 2179 404 2262 gularis
429 2179 552 2256 amici,
579 2188 613 2242 et
629 2180 795 2261 genitivus
812 2179 961 2261 pendens
978 2201 997 2242 a
1013 2180 1116 2242 verbo
1126 2192 1279 2262 perosas.
1313 2181 1403 2243 Nam

279 2307 430 2389 profecto
475 2306 586 2389 plures
632 2307 843 2389 Vespasiano
888 2307 1014 2368 amicos
1053 2307 1230 2370 Narcissus
1267 2307 1402 2383 habuit,

280 2455 366 2516 quos
392 2450 527 2511 omnes,
554 2455 621 2496 non
646 2434 753 2496 solum
772 2434 1019 2516 Vespasianum
1044 2435 1268 2498 verisimiliter
1283 2456 1403 2518 perosa

282 2569 333 2624 est
356 2560 558 2642 Agrippina.
578 2597 622 2607 -
639 2559 728 2624 Sane
744 2561 840 2624 aliter
860 2563 1059 2624 sententiam
1080 2572 1271 2626 construere
1288 2573 1405 2645 potue·

284 2697 335 2752 rat
371 2687 552 2751 Suetonius
580 2708 645 2769 eg.
681 2687 930 2770 „Agrippinam
967 2698 1138 2770 potentem
1167 2725 1211 2736 -
1233 2710 1337 2771 seque
1370 2699 1407 2753 ut

285 2816 431 2878 amicum
456 2815 606 2878 Narcissi
630 2814 831 2896 perosam’'‚
865 2815 924 2878 sed
948 2815 1071 2878 tradita
1095 2817 1198 2879 verba
1222 2817 1265 2879 ad
1291 2837 1406 2880 omnes

286 2941 435 3005 Narcissi
471 2942 599 3005 amicos
634 2949 785 3022 spectare
813 2961 947 3004 necesse
984 2951 1055 3018 est,
1092 2962 1196 3024 quare
1231 2943 1407 3024 singularis

286 3090 442 3132 numerus
466 3069 522 3130 hic
546 3089 643 3131 suum
668 3067 780 3130 locum
798 3088 864 3130 non
888 3067 1002 3130 habet.
1040 3064 1141 3147 Quod
1162 3066 1206 3130 ad
1223 3069 1406 3149 genitivum

285 3196 393 3260 amici
407 3198 543 3273 attinet,
561 3196 687 3276 ubique
700 3206 842 3276 perosas
860 3214 937 3256 cum
962 3195 1152 3258 accusativo
1177 3197 1406 3278 coniungitur,

289 3325 351 3387 nisi
383 3324 474 3404 quod
511 3322 669 3386 Prudent.
698 3345 731 3383 a·
756 3339 782 3381 o.
817 3322 874 3384 111.
912 3340 953 3400 41
997 3322 1085 3386 dixit
1112 3334 1236 3404 perosa
1272 3323 1408 3406 quietio.

289 3449 384 3532 Quas
400 3448 613 3512 difficultates
629 3458 719 3512 recte
735 3457 928 3531 perspectas
945 3449 1111 3525 habuere,
1130 3451 1188 3532 qui
1206 3450 1239 3512 in
1260 3423 1408 3513 Vindob.

293 3593 323 3640 2.
342 3576 433 3640 Cort.
452 3575 547 3640 Harl.
564 3577 666 3639 Periz.
685 3575 858 3639 codicibus
875 3586 909 3640 et
926 3577 959 3638 in
971 3576 1118 3639 editione
1139 3578 1295 3639 Romana
1306 3577 1414 3639 amici

290 3711 506 3766 correxerunt
530 3703 563 3764 in
587 3701 723 3766 amiam.
772 3701 840 3766 Sed
867 3703 1040 3785 quomodo
1065 3724 1214 3785 unquam
1236 3704 1413 3766 lectionem

291 3823 434 3907 amicos,
471 3851 560 3913 quae
596 3831 640 3893 ab
677 3832 767 3893 omni
796 3841 891 3913 parte
927 3831 1099 3893 retinenda
1136 3840 1245 3908 esset,
1287 3841 1416 3918 mutare

292 3960 468 4022 sustineret
500 3958 622 4040 aliquis
656 3959 688 4020 in
724 3957 854 4020 amici?
891 3956 968 4020 Hoc
1004 3956 1103 4039 plane
1135 3957 1315 4020 obscurum
1348 3967 1416 4020 est:

292 4086 383 4149 aliud
409 4085 491 4168 quid
512 4086 612 4168 igitur
631 4086 768 4148 subesse
788 4085 900 4148 debet.
937 4085 974 4146 In
991 4084 1157 4165 corruptis
1179 4084 1291 4147 verbis
1312 4065 1421 4147 amici

288 4226 445 4298 perosam
472 4213 553 4277 mihi
578 4213 683 4276 latere
706 4211 837 4276 videtur
858 4210 1053 4273 amicitiam
1072 4210 1325 4291 periculosam,
1351 4230 1420 4291 quo

297 4343 450 4406 restituto
494 4342 607 4404 omnia
647 4348 737 4402 recte
773 4337 977 4422 procedent:
1011 4338 1149 4417 „Timet
1191 4336 1423 4420 Vespasianus

298 4469 511 4552 Agrippinae
542 4467 727 4550 potentiam
761 4466 851 4548 apud
885 4465 990 4527 filium
1016 4474 1050 4529 et
1081 4463 1265 4527 amicitiam
1293 4462 1424 4544 pericu·
