3254 5212
842 547 880 592 12

344 731 431 797 CAP.
456 750 513 812 40.
563 735 619 797 Ex
652 735 876 813 Memmiano,
911 734 1066 798 Mediceo
1101 752 1138 812 2,
1174 734 1247 798 aliis
1275 733 1421 797 Rothius

296 861 424 944 recepit
454 871 584 926 aestate
616 864 854 945 praeeuntibus
888 864 1080 927 Burmanno
1111 863 1283 939 Ernestio,
1316 883 1421 945 quum

296 989 419 1053 Medic.
462 1007 490 1054 1.
530 1007 560 1071 3.
599 990 748 1054 Vindob.
786 991 875 1056 Cort.
913 991 969 1054 alii
998 991 1079 1055 dant
1103 990 1247 1068 aestati,
1270 953 1420 1072 (quorum

295 1127 406 1183 utrum
431 1129 577 1201 praestet
590 1119 679 1182 haud
693 1119 828 1182 difficile
841 1128 890 1182 est
903 1119 1086 1183 dinoscere.
1113 1119 1184 1181 lam
1198 1118 1418 1182 Casaubonus

297 1257 330 1312 et
355 1247 519 1311 Graevius
544 1249 705 1311 Dativum
730 1259 949 1330 reposuerunt
974 1257 1007 1311 et
1031 1257 1120 1311 recte
1144 1247 1282 1330 quidem
1300 1247 1419 1324 cred0,

296 1398 373 1439 cum
407 1375 588 1440 Ablativus
621 1378 699 1440 hinc
732 1376 848 1460 procul
881 1377 1044 1440 arcendus
1077 1378 1129 1440 sit.
1180 1376 1327 1440 Omnino
1357 1396 1421 1438 non

295 1525 382 1588 nego
419 1515 603 1589 competere
640 1506 792 1567 absolute
830 1505 996 1567 interdum
1033 1507 1130 1587 poni,
1169 1505 1227 1568 sed
1263 1506 1318 1568 ubi
1344 1525 1419 1567 cum

295 1655 374 1699 casu
400 1635 611 1717 coniungitur
635 1635 700 1697 hoc
732 1635 890 1712 verbum,
917 1636 1076 1698 Dativum
1102 1621 1420 1697 adhiberi'necesse

295 1784 367 1827 esse
404 1763 561 1846 exemplo
599 1727 789 1841 iilustrabo,
827 1785 872 1827 sc.
911 1763 1004 1829 Otho
1047 1780 1097 1827 12.
1138 1773 1241 1839 ,tanto
1276 1762 1420 1826 Othonis

293 1891 410 1955 animo
455 1911 670 1974 nequaquam
712 1909 832 1974 corpus
870 1891 1042 1974 competit’
1081 1892 1150 1974 (ubi
1196 1899 1285 1955 certe
1322 1911 1419 1953 nemo

293 2017 409 2081 anime
448 2039 509 2101 pro
547 2018 709 2082 Ablativo
746 2020 909 2102 habebit).
967 2020 1081 2083 Etiam
1117 2019 1229 2081 dicere
1265 2028 1419 2100 potuerat

293 2147 472 2211 Suetonius
506 2167 581 2210 eata
615 2155 745 2209 aestate
770 2147 818 2229 (ut
842 2147 925 2210 Tac.
952 2147 1040 2210 Hist.
1066 2147 1096 2209 ΙΙ
1124 2148 1178 2229 50)
1204 2156 1262 2210 aut
1287 2147 1322 2209 ia
1347 2167 1416 2208 aes-

293 2284 398 2338 tatem
436 2274 484 2357 (ut
521 2275 604 2340 Plin.
643 2276 726 2338 XVI
767 2277 833 2358 39).
860 2312 904 2322 -
930 2276 1013 2338 Loci
1042 2284 1155 2338 autem
1181 2285 1216 2338 ut
1241 2273 1332 2355 Aug.
1360 2292 1413 2355 31.

294 2401 341 2479 ,Si
370 2403 520 2485 neptium
545 2423 680 2466 suarum
706 2405 912 2484 competeret¹
937 2401 1075 2478 aestas’‚
1103 2402 1162 2466 Sil.
1188 2402 1260 2465 Ital.
1288 2401 1301 2462 I
1325 2419 1412 2479 -114,

289 2530 347 2592 ubi
373 2539 557 2611 competere
582 2531 653 2593 sine
678 2551 757 2592 casu
776 2531 919 2593 occurrit
936 2531 991 2593 hic
1009 2529 1167 2593 laudandi
1186 2549 1251 2591 non
1267 2538 1353 2593 sunt.
1369 2565 1412 2574 -

289 2657 379 2740 Quin
417 2659 519 2722 etiam
556 2657 759 2740 significatio
795 2659 927 2722 videtur
951 2660 1081 2722 diversa
1114 2679 1200 2722 esse:
1227 2679 1349 2741 nempe
1374 2659 1412 2720 iis

288 2787 371 2850 locis
406 2797 590 2869 competere
626 2787 694 2849 sere
731 2786 856 2850 indicat
882 2789 920 2864 ,si
950 2808 1009 2870 per
1034 2797 1178 2850 aetatem
1203 2787 1340 2850 liceret’.
1367 2825 1411 2833 -

289 2914 420 2979 Colum.
446 2915 553 2978 VIIII.
582 2930 612 2995 5.
644 2933 671 2979 1.
699 2916 737 2992 ,si
761 2915 861 2979 villae
886 2917 968 2979 situs
994 2917 1039 2979 ita
1072 2915 1244 2998 competit'
1271 2937 1330 2998 eqs
1356 2916 1409 2980 ie.

287 3043 327 3119 ,si
361 3041 461 3105 villae
497 3044 578 3106 situs
617 3043 789 3125 permittit’
818 3065 887 3126 eqs
915 3081 959 3090 -
985 3043 1062 3108 Sen.
1100 3044 1209 3125 Epist.
1232 3058 1272 3124 75
1302 3043 1344 3107 in.
1371 3044 1409 3120 ,si

289 3169 333 3232 ita
358 3171 520 3253 competit
546 3170 590 3235 ut’
618 3192 677 3252 eqs
702 3172 755 3235 ie.
782 3173 810 3234 si
835 3171 920 3234 forte
944 3170 1085 3248 accidit,
1112 3172 1231 3234 evenit.
1258 3207 1302 3216 --
1323 3171 1411 3232 Rur-

287 3318 343 3360 sus
367 3297 458 3360 aliud
484 3307 551 3374 est,
577 3299 669 3381 quod
695 3300 800 3362 habes
825 3300 908 3363 Tac.
934 3299 1024 3362 Ann.
1039 3300 1085 3361 III
1103 3298 1148 3377 46
1167 3318 1287 3380 ,neque
1304 3297 1409 3359 oculis

287 3444 395 3507 neque
420 3426 556 3487 auribus
589 3425 837 3507 competebant'
864 3427 916 3490 i.e.
943 3446 1009 3488 non
1034 3426 1115 3487 satis
1139 3424 1245 3488 oculis
1270 3425 1409 3488 uteban-

285 3561 355 3631 tur;
383 3553 424 3616 ci.
452 3553 651 3635 Nipperdey
676 3553 719 3615 ad
745 3553 802 3616 h.l.
829 3563 862 3616 et
887 3553 979 3617 locos
1003 3555 1047 3616 ab
1073 3575 1113 3617 eo
1139 3553 1289 3617 collatos.
1316 3589 1359 3599 —

332 3681 540 3745 Postremum
577 3702 651 3757 eos,
689 3682 748 3763 qui
779 3682 940 3746 tenaciter
964 3681 1162 3745 Ablativum
1188 3683 1327 3745 retinere
1351 3703 1407 3745 ve-

286 3810 363 3885 lint,
384 3829 503 3872 moneo
520 3818 600 3871 tunc
615 3809 726 3871 verbis
746 3809 832 3871 hanc
849 3809 1129 3891 significationem
1147 3811 1252 3873 inesse
1265 3809 1405 3872 debere:

285 3939 456 4016 ‚messium
482 3938 584 4000 feriae
610 3939 642 4002 in
660 3948 786 4002 aestate
808 3939 1025 4021 competunt’,
1052 3941 1109 4002 ubi
1127 3941 1196 4003 iure
1214 3940 1409 4023 quaerimus

285 4067 338 4129 cui
363 4067 409 4129 rei
435 4075 639 4148 competant.

328 4324 414 4389 CAP.
439 4341 495 4403 41.
545 4324 608 4387 Pro
649 4323 845 4386 Memmiani
884 4324 1102 4406 omniumque
1137 4332 1288 4388 veterum
1313 4325 1405 4388 codi-

283 4472 360 4516 cum
397 4451 539 4516 lectione
563 4472 644 4534 qaas
668 4449 737 4534 ipse
758 4450 913 4518 dedisset.
939 4461 973 4515 et
996 4450 1131 4530 edebat,
1158 4451 1304 4517 Rothius
1328 4472 1404 4536 pro·
