3254 5212
839 532 879 596 16

295 734 486 797 intuebatur
510 735 634 817 quibus
659 736 701 798 ad
727 735 956 800 dimicandum
978 739 1127 821 corporis
1143 739 1270 803 viribus
1287 745 1414 814 essent,

295 862 386 943 quod
420 882 534 926 revera
564 863 596 925 in
626 864 699 926 acie
728 873 778 927 est
802 867 1031 948 praecipuum.
1079 867 1199 950 Neque
1227 888 1247 930 a
1272 866 1415 930 Caesare

294 1000 551 1074 exspectamus,
585 994 642 1076 qui
677 993 839 1058 Suetonio
872 994 913 1077 (c.
942 995 997 1079 27)
1033 1005 1169 1059 auctore
1202 1015 1333 1060 reorum
1360 1004 1417 1058 aut

294 1120 530 1186 obaeratorum
566 1132 624 1184 aut
648 1122 810 1205 prodigae
849 1122 1028 1186 iuventutis
1059 1124 1246 1187 subsidium
1282 1125 1416 1187 unicum

293 1270 373 1312 sane
405 1271 471 1313 non
496 1251 529 1313 in
564 1251 711 1316 moribus
745 1262 802 1314 aut
834 1252 965 1315 fortuna
990 1262 1202 1335 praetextum
1228 1260 1419 1334 ,quaereret

295 1399 362 1460 quo
399 1379 520 1442 milites
557 1381 772 1462 improbaret.
811 1381 958 1444 Prorsus
991 1381 1082 1444 aliud
1108 1391 1158 1444 est
1191 1402 1267 1444 eum
1296 1402 1418 1464 magna

292 1509 469 1571 severitate
494 1508 741 1591 disciplinaque
766 1510 892 1571 rexisse
917 1529 1003 1591 quos
1028 1509 1248 1591 probavisset.

341 1637 377 1698 ln
402 1636 522 1700 eodem
549 1639 661 1720 capite
678 1639 823 1702 Rothius
849 1660 910 1722 pro
935 1639 1079 1722 simplici
1100 1639 1326 1703 subtrahebat
1342 1660 1417 1722 pro-

293 1765 405 1846 posuit
427 1785 460 1826 se
483 1764 726 1843 subtrahebat,
760 1766 852 1848 quod
877 1767 1044 1848 optimum
1080 1775 1167 1830 esset
1194 1767 1221 1829 si
1248 1787 1415 1849 nusquam

292 1892 372 1956 alibi
390 1913 574 1975 pronomen
589 1895 785 1957 reflexivum
803 1915 868 1957 non
886 1903 1112 1977 compareret,
1140 1895 1196 1956 ubi
1217 1916 1270 1958 ars
1289 1894 1418 1976 logica,

292 2042 380 2104 quae
404 2021 543 2099 dicitur,
575 2022 608 2085 id
627 2023 803 2087 desiderat.
839 2022 997 2087 Concedo
1015 2023 1105 2106 apud
1123 2023 1206 2087 Plin.
1227 2021 1417 2087 Pansae

205 2185 209 2193 =
293 2170 383 2230 „non
404 2170 447 2213 ex
477 2150 703 2230 ingerentibus
728 2170 763 2211 se
796 2149 855 2212 sed
881 2171 924 2212 ex
956 2151 1230 2213 subtrahentibus
1263 2149 1416 2232 legere'',

292 2276 360 2359 (vl.
381 2297 424 2340 ex
441 2277 666 2359 ingerentibus
683 2278 742 2341 sed
767 2299 810 2340 ex
835 2278 1121 2361 subtrahentibus)
1140 2299 1183 2341 ex
1200 2276 1415 2360 praecedenti

291 2424 324 2467 se
357 2404 400 2468 ad
424 2403 701 2468 subtrahentibus
738 2426 837 2487 posse
868 2406 1063 2483 subaudiri;
1099 2405 1157 2468 sed
1184 2427 1294 2468 rursus
1321 2404 1417 2469 Caes

295 2530 349 2596 26.
376 2542 409 2596 et
422 2531 512 2614 Aug.
526 2535 582 2616 98.
608 2545 796 2598 exercentes
822 2557 882 2618 pro
898 2556 932 2598 se
956 2543 1144 2598 exercentes
1157 2535 1299 2615 legimus
1314 2533 1417 2616 (quod

297 2660 399 2722 etiam
426 2658 495 2721 Cic.
520 2658 562 2721 de
579 2679 627 2722 or.
653 2661 683 2722 Il
705 2663 769 2740 287
791 2662 989 2743 usurpavit);
1016 2661 1173 2724 vertisset
1190 2661 1342 2725 absolute
1359 2660 1416 2724 ad·

296 2786 406 2849 hibuit
429 2785 521 2849 Suet.
556 2785 646 2868 Aug.
683 2804 736 2867 23.
763 2788 805 2851 cf.
840 2788 1012 2852 Drakenb.
1047 2788 1090 2851 ad
1124 2787 1183 2851 Sil.
1217 2788 1266 2850 IX
1297 2785 1416 2867 645.I

296 2915 374 2979 288.
394 2914 631 2997 praecepitare
656 2913 725 2978 Cic.
744 2913 787 2977 de
804 2916 890 2996 Rep.
912 2915 960 2977 Vl
982 2918 1033 2980 18.
1055 2925 1190 2978 mutare
1215 2915 1297 2980 Tac.
1324 2915 1414 2979 Ann.

295 3043 325 3104 ΙΙ
352 3060 392 3124 23
421 3043 490 3125 (ubi
525 3042 567 3107 cf.
594 3042 803 3125 Nipperdey)
838 3043 914 3107 Liv.¹
938 3044 1070 3107 XXIX.
1099 3060 1129 3124 3.
1156 3044 1198 3107 cl.
1230 3044 1334 3108 Kritz.
1360 3044 1414 3108 ad.

296 3169 376 3234 Sall.
404 3171 475 3252 lug.
504 3172 558 3251 38.
589 3186 640 3234 10.
678 3169 816 3233 Ruhnk.
843 3171 898 3234 ad.
924 3170 1013 3235 Vell.
1039 3172 1080 3248 II,
1109 3173 1162 3236 82.
1202 3171 1252 3236 Cs.
1270 3173 1416 3256 denique

294 3297 337 3360 de
363 3299 475 3361 verbis
499 3318 586 3381 quae
611 3298 736 3361 omisso
762 3299 958 3380 pronomine
984 3299 1144 3363 reflexivo
1169 3310 1362 3364 neutrorum
1388 3322 1413 3364 S.

294 3426 481 3490 mediorum
506 3434 660 3489 naturam
687 3426 827 3488 induunt
840 3426 941 3489 Forb.
969 3426 1023 3491 ad.
1039 3427 1142 3510 Verg.
1169 3428 1256 3494 Aen.
1283 3430 1308 3493 I.
1336 3446 1413 3510 234.

292 3553 721 3636 Baumgarten-Crusium
747 3552 838 3617 Suet.
866 3555 922 3616 ΙΙΙ.
949 3576 982 3637 p.
1010 3571 1089 3637 745.
1116 3556 1214 3621 Gosr.
1242 3556 1274 3619 ll.
1298 3558 1317 3638 ς
1339 3573 1412 3636 140.

295 3695 325 3762 5.
352 3718 396 3728 -
422 3679 535 3763 Quare
558 3680 730 3762 vulgatam
755 3679 977 3744 subtrahebat
1001 3685 1138 3747 retineo,

341 3936 426 4000 CAP.
446 3952 500 4020 79.
549 3934 642 3998 Nara
665 3935 700 3999 iu
717 3957 791 4000 cura
817 3938 977 4014 Memm,
1004 3957 1082 4000 uam
1108 3959 1182 4000 cura
1208 3938 1245 4002 iu
1269 3939 1413 4002 Medicei

293 4064 443 4127 Vindob.
469 4064 543 4140 alii,
570 4065 628 4127 sed
654 4076 801 4148 praestat
826 4087 901 4128 cum
932 4066 1175 4149 Oudendorpio
1200 4066 1310 4148 legere
1334 4087 1412 4130 uam

292 4213 378 4255 cerm.
415 4191 492 4273 Ipsa
518 4191 606 4253 enim
624 4191 819 4255 Memmiani
846 4193 945 4255 lectio
962 4194 1051 4256 clare
1071 4193 1217 4257 ostendit
1241 4193 1413 4275 quomodo

292 4328 369 4401 post
384 4338 501 4381 vocem
520 4318 552 4380 in
569 4338 600 4380 ru
620 4317 826 4381 desinentem
848 4321 1052 4402 praepositio
1070 4320 1105 4383 iu
1123 4321 1220 4384 facile
1238 4322 1270 4383 in
1282 4330 1412 4384 textum

293 4453 435 4531 irrepere
452 4447 570 4530 possit.
606 4448 682 4511 Huc
706 4448 838 4513 accedit
854 4448 946 4531 quod
964 4449 1000 4512 iu
1016 4450 1188 4535 sacrificio
1204 4450 1412 4515 Latinarum
