3254 5212
805 525 849 587 24

263 735 336 778 rum
362 734 403 776 ne
429 712 638 796 sicquidem
664 712 738 775 loco
763 734 842 776 suus
866 733 981 776 sensus
1006 712 1208 787 restituitur,
1236 709 1386 792 quando·

266 843 404 926 quidem
430 865 448 933 e
472 843 582 906 Dione
599 841 673 936 63,ι
690 859 740 924 13.
770 842 929 905 discimus
953 843 1214 923 recognitionem
1236 840 1386 921 equitum

266 971 445 1053 quotannis
480 971 550 1032 fieri
582 969 715 1033 solitam
750 939 832 1034 esse.
883 945 1054 1053 (Momrns.
1081 969 1129 1052 St.
1154 968 1197 1033 R.
1232 968 1262 1030 II
1297 966 1385 1048 384).

267 1097 493 1188 Gravissimae
511 1097 611 1178 igitur
627 1097 748 1178 adsunt
765 1117 902 1173 causae,
930 1117 988 1158 cur
1004 1106 1188 1170 statuamus
1213 1104 1289 1177 post
1304 1065 1387 1156 esset

266 1225 378 1307 aliqua
412 1202 587 1288 excidisse.
638 1225 728 1288 Nam
761 1225 939 1306 quominus
972 1225 1186 1307 quotiensque
1214 1245 1284 1306 eqs.
1311 1243 1386 1285 curn

266 1353 483 1437 sequentibus
507 1353 618 1416 verbis
642 1323 885 1432 coniungamus
913 1353 1026 1416 obstat
1050 1374 1089 1416 ea
1114 1373 1179 1429 res,
1207 1350 1298 1434 quod
1316 1361 1387 1413 tan-

265 1491 336 1544 tum
362 1501 449 1543 anno
475 1473 523 1565 22·¹
536 1489 613 1543 ante
639 1479 675 1543 C.
695 1478 869 1560 Augustus
887 1481 1029 1544 traditur
1053 1501 1205 1543 censores
1226 1457 1387 1542 creavisse

265 1597 450 1690 censusque
487 1609 594 1689 egisse
632 1629 697 1670 non
727 1617 901 1690 tamquam
940 1629 1056 1670 censor
1092 1607 1150 1670 sed
1183 1579 1298 1669 consul
1331 1615 1387 1668 aut

265 1736 410 1817 denique
440 1756 483 1797 ex
509 1735 574 1798 alia
599 1737 663 1798 sibi
688 1757 848 1821 concessa
873 1747 1048 1819 potestate.
1099 1736 1150 1828 Cf.
1176 1735 1269 1799 Suet.
1296 1733 1385 1815 Aug.

267 1880 321 1946 27.
347 1863 466 1950 Claud.
497 1864 548 1956 ιβ,
575 1866 652 1929 Dio.
681 1880 734 1946 54.
764 1883 794 1930 2.
822 1866 1035 1964 Willemsll.
1054 1834 1091 1948 p.
1114 1863 1194 1944 462.
1229 1843 1385 1926 Momms.

265 1991 313 2056 St.
331 1987 371 2055 ἸΙ
398 1991 475 2072 326.
507 2009 605 2057 1000.

312 2246 397 2311 CAP.
412 2264 468 2326 42.
497 2245 661 2326 Quamvis
673 2247 757 2310 dare
769 2245 967 2309 destinaret.
990 2245 1158 2309 Accurate
1170 2215 1272 2310 verba
1288 2248 1386 2330 inspi-

265 2376 429 2439 cientibus
449 2377 562 2439 statim
583 2376 760 2459 apparebit
781 2375 977 2457 imperfecto
998 2373 1186 2437 destinaret
1206 2375 1261 2437 hic
1278 2375 1387 2438 locum

241 2525 242 2528 ¹
265 2523 330 2565 non
347 2523 429 2565 esse.
446 2503 495 2565 Ita
508 2501 682 2582 Augustus
701 2503 751 2564 bis
766 2473 855 2565 idern
869 2502 1010 2565 dixisset
1020 2493 1026 2564 Ξ
1038 2471 1174 2584 populo
1187 2503 1388 2584 promissum

264 2611 471 2710 congiarium
496 2629 646 2709 poscenti
674 2637 709 2690 ut
733 2629 797 2690 sibi
814 2628 975 2691 ‚debitum
1001 2630 1173 2712 respondit
1197 2631 1260 2693 sibi
1287 2629 1388 2692 fidem

264 2757 456 2820 habendam
475 2748 563 2818 'esse
599 2756 664 2838 (ie.
701 2776 736 2817 se
772 2765 863 2819 certo
895 2724 1051 2819 daturum
1085 2758 1185 2840 esse);
1217 2767 1250 2821 et
1279 2743 1387 2821 eidem

264 2883 390 2967 populo
430 2903 497 2945 non
521 2883 722 2963 promissum
758 2882 921 2963 flagitanti
949 2921 993 2929 —
1022 2885 1175 2948 attendas
1206 2879 1318 2948 autem
1345 2885 1387 2947 ad

264 3011 395 3074 diversa
419 3010 521 3072 verba
554 3009 741 3090 reposcenti
771 3021 804 3073 et
828 3010 1046 3093 flagitanti,
1072 3013 1195 3076 fallitur
1229 3013 1334 3076 Poiak
1355 3015 1389 3076 li.

265 3161 298 3222 p.
336 3137 380 3200 26
417 3158 477 3221 pro
508 3125 709 3218 ¹reposcenti
754 3139 994 3220 „deposcenti”
1042 3141 1266 3218 substituens,
1311 3142 1390 3223 quia

264 3287 438 3350 reposcere
462 3266 551 3330 valet
574 3288 730 3348 poscere,
761 3269 852 3349 quod
876 3271 972 3331 nobis
997 3269 1156 3332 debetur:
1183 3266 1326 3332 (ἐπαιτεῖν
1345 3309 1405 3362 —y

265 3367 472 3479 exprobrans
497 3405 597 3476 negat
617 3417 653 3457 se
675 3416 746 3458 esse
769 3395 943 3473 daturum,
962 3419 1171 3480 quamquam
1186 3398 1296 3461 adhuc
1311 3399 1390 3462 dare

266 3525 299 3585 in
331 3524 443 3585 animo
481 3522 651 3585 habebat?
690 3523 785 3585 Haec
814 3545 911 3586 sensu
938 3545 1032 3609 cassa
1058 3535 1144 3589 sunt.
1194 3526 1391 3608 Requiritur

266 3652 354 3714 enim
379 3652 411 3714 in
445 3651 549 3714 altera
571 3650 757 3738 sententiae
797 3660 890 3731 parte
915 3653 1025 3714 notio:
1056 3673 1286 3735 „quamquam
1312 3623 1391 3716 dare

266 3780 462 3856 destinarat,
490 3788 670 3861 antequam
699 3779 931 3859 poposcissent
956 3789 991 3842 ut
1009 3781 1072 3842 sibi
1090 3781 1262 3858 daretur’',
1290 3803 1391 3863 quam

266 3906 428 3970 Suetonio
441 3906 581 3969 reddere
604 3904 704 3967 velim
726 3906 907 3969 emendans
919 3908 1081 3996 ¹quamvis
1097 3907 1182 3970 dare
1206 3909 1393 3973 destinarit

268 4034 395 4116 (utiam
412 4033 561 4096 Reitzius
586 4033 760 4115 coniecit),
787 4035 828 4096 cf.
848 4035 938 4114 Aug.
960 4051 1000 4114 27
1022 4044 1081 4114 „ut
1100 4037 1213 4098 omnia
1238 4038 1301 4100 sibi
1319 4037 1392 4099 reli-

267 4162 376 4243 querit
400 4159 539 4224 libera''.
599 4159 716 4223 Cicero
754 4183 832 4224 vero
869 4164 1054 4244 scripsisset
1090 4162 1307 4242 destinasset,
1334 4165 1391 4227 'sed

267 4289 354 4353 Perf.
388 4287 646 4352 Coniunctivum
679 4290 805 4371 passim
839 4290 903 4353 hoc
935 4289 1036 4354 modo
1070 4301 1265 4376 usurpatum
1304 4293 1390 4356 inve-

269 4417 388 4481 nimus.
