3254 5212
819 554 838 600 2

269 762 476 826 quamquam
510 742 577 805 iam
606 748 705 804 antea
733 761 832 804 verae
855 741 1105 806 emendationes
1129 741 1175 803 ibi
1200 740 1393 823 propositae

270 879 378 933 essent
395 880 453 933 aut
469 871 527 952 qui
550 870 668 932 melius
683 891 726 933 ex
743 870 884 933 aliorum
903 872 1057 934 codicum
1075 870 1274 932 lectionibus
1290 889 1393 950 quam

270 1019 313 1061 ex
337 998 533 1060 Memmiani
559 997 672 1080 (quem
698 997 761 1058 sibi
786 999 1004 1081 praecipuum
1030 997 1151 1061 ducem
1169 996 1270 1078 elegit
1286 996 1394 1058 editor

270 1125 392 1207 noster)
428 1125 585 1188 constitui
610 1144 709 1207 posse
734 1124 816 1187 mihi
841 1124 1033 1188 viderentur
1059 1161 1103 1170 -
1129 1125 1292 1207 posterior
1315 1143 1394 1186 vero

270 1254 454 1316 contineret
477 1253 726 1315 observationes
750 1253 872 1334 quibus
897 1253 989 1316 locos
1007 1254 1197 1315 etiamnunc
1221 1260 1395 1335 corruptos

270 1379 362 1464 apud
395 1390 544 1444 nostrum
577 1388 731 1444 extantes
759 1401 867 1462 neque
889 1402 1099 1464 aquoquam
1124 1381 1205 1444 satis
1229 1388 1395 1444 correctos

270 1508 389 1573 saltem
415 1509 528 1591 aliqua
553 1530 596 1572 ex
613 1518 708 1591 parte
725 1510 903 1574 emendare
920 1511 1099 1576 studerem.
1149 1510 1264 1572 Facile
1284 1519 1396 1573 autem

271 1647 321 1700 est
354 1637 522 1699 intellectu
555 1656 620 1698 non
646 1636 772 1717 ubique
800 1637 887 1700 hanc
911 1627 1109 1702 divisionem
1135 1637 1313 1719 diligenter
1336 1637 1396 1699 ob-

271 1765 394 1828 servari
431 1764 579 1845 potuisse
616 1764 709 1825 cuius
734 1764 780 1826 rei
805 1765 944 1846 singulis
969 1769 1077 1831 causis
1105 1767 1288 1849 perspectis
1313 1766 1395 1828 mihi

270 1893 403 1955 veniam
429 1890 545 1953 datum
571 1890 609 1952 iri
635 1910 839 1972 magnopere
863 1913 971 1974 spero,

318 2019 431 2102 Quam
454 2019 587 2082 veniam
612 2017 701 2080 idem
720 2028 816 2099 pet0,
840 2021 866 2082 si
884 2023 1164 2103 praetermiserim
1182 2022 1307 2084 addere
1328 2023 1397 2084 siue

272 2147 475 2228 exquisitam
500 2144 677 2206 lectionem
702 2145 770 2207 sive
795 2145 919 2208 bonam
944 2147 1008 2209 loci
1034 2119 1173 2210 alicuius
1190 2149 1396 2212 emendatio·

273 2294 367 2351 nem,
402 2271 493 2354 quod
527 2271 560 2333 in
592 2255 684 2333 tanta
718 2292 793 2333 cum
827 2273 1007 2337 lectionum
1032 2285 1103 2339 tum
1129 2277 1396 2339 coniecturarum

274 2402 372 2474 turba
397 2400 494 2463 facile
520 2399 591 2462 fieri
616 2399 737 2482 potuit
781 2399 869 2476 Nam
895 2422 1102 2484 quamquam
1129 2403 1267 2466 materia
1293 2425 1396 2485 quam

274 2529 413 2593 tractavi
440 2548 506 2590 non
532 2529 725 2608 iramagna
750 2538 836 2606 erat,
863 2539 975 2594 tamen
1001 2552 1054 2594 me
1077 2541 1112 2594 ut
1129 2531 1300 2597 hominem
1318 2552 1399 2594 non-

275 2658 366 2723 nulla
391 2657 515 2738 fugisse
541 2657 631 2720 haud
657 2667 782 2720 temere
806 2661 1007 2741 negaverim.

322 2785 424 2870 Quod
459 2786 502 2849 ad
539 2786 647 2868 ipsam
684 2805 786 2866 quam
823 2797 955 2858 secutus
987 2791 1249 2853 summationem
1275 2790 1398 2871 agendi

276 2916 411 2991 attinet,
449 2913 482 2976 in
520 2913 710 2975 universum
746 2911 899 2989 lacunaS,
934 2935 1018 2996 quas
1052 2917 1157 2980 multo
1189 2919 1315 2980 maiore
1340 2938 1400 2980 nu-

277 3064 369 3106 mero
386 3063 489 3125 quam
508 3040 655 3103 Rothius
678 3039 836 3104 indicavit
858 3043 889 3104 in
907 3041 1057 3106 Suetonii
1075 3053 1169 3107 textu
1187 3044 1305 3107 adesse
1326 3065 1401 3106 cen.-

277 3193 354 3250 seo,
380 3171 536 3254 supplere
561 3178 689 3232 tentare
714 3171 906 3252 supersedi,
934 3181 1169 3253 praeterquam
1194 3171 1286 3255 quod
1304 3171 1400 3235 Caes.

278 3317 334 3366 20.
370 3301 479 3363 obiter
515 3299 718 3376 mentionem
756 3296 818 3358 seci
855 3299 1042 3378 argumenti
1078 3297 1169 3379 quod
1204 3299 1237 3360 in
1262 3299 1402 3381 perditis

277 3430 388 3494 verbis
411 3429 514 3492 latere
539 3427 712 3509 putabam.
746 3424 848 3488 Nullo
873 3428 961 3490 enim
986 3427 1095 3490 solido
1121 3427 1308 3509 fragmento
1329 3429 1403 3491 niti-

279 3579 384 3636 mur,·
397 3558 455 3621 ubi
479 3556 616 3619 lacunas
642 3553 811 3636 complere
836 3575 997 3618 conamur
1016 3565 1118 3637 atque
1137 3555 1179 3618 de
1198 3556 1277 3638 ipsis
1293 3557 1403 3620 verbis

280 3707 368 3770 quae
385 3684 582 3749 exciderunt
598 3683 824 3764 reciperandis
840 3684 941 3765 vulgo
955 3683 1203 3766 desperandum
1216 3694 1275 3747 est.
1302 3686 1403 3748 Porro

281 3837 322 3879 ne
355 3803 616 3878 commemoravi
650 3810 787 3892 quidem
824 3832 911 3892 quae
948 3812 1121 3894 proposita
1146 3822 1241 3875 erant
1265 3813 1308 3876 ad
1333 3834 1405 3876 cor-

282 3942 438 4027 rIgendos
463 3941 629 4025 quosdam
655 3939 746 4000 locos
771 3960 855 4021 quos
873 3961 1004 4003 summo
1023 3942 1093 4003 iure
1110 3961 1170 4022 pro
1188 3940 1405 4004 conclamatis

283 4075 427 4150 habeas;
454 4079 490 4134 ut
515 4091 578 4152 eg.
605 4090 739 4134 carmen
765 4068 856 4149 Aug.
876 4083 939 4148 70,
962 4071 1068 4132 verba
1093 4090 1214 4151 graeca
1231 4069 1322 4152 Aug.
1340 4089 1403 4152 99,

283 4201 332 4264 ad
361 4199 483 4262 donum
518 4197 614 4260 Caes.
646 4199 708 4274 84,
737 4195 873 4258 Gallias
896 4215 966 4277 eqs.
993 4195 1088 4260 Caes,
1117 4214 1157 4259 22
1185 4198 1404 4280 (quamquam

284 4330 403 4394 saltem
427 4326 555 4407 aliquid
580 4325 782 4408 profecimus
807 4325 969 4405 Madvigii
994 4326 1228 4389 emendatione
1251 4327 1319 4389 sibi
1345 4347 1406 4410 pro

284 4455 408 4524 tradito
440 4453 518 4536 sit),
552 4453 687 4516 ineunte
717 4452 825 4516 Galba
858 4472 928 4534 eqs
958 4452 1098 4534 Vesp.5.
1124 4490 1168 4504 -
1194 4455 1237 4518 al.
1287 4455 1343 4518 Ex
1368 4456 1407 4518 iis
