3254 5212
794 473 835 518 22

253 663 445 748 suspicandi
483 664 516 726 in
553 661 738 746 archetypo
776 659 876 724 fuisse
914 666 1091 723 exaratum
1123 677 1163 720 ac
1188 655 1378 732 desideria,

254 799 331 854 ante
355 791 447 874 quod
471 788 630 853 nonnulla
654 796 712 852 aut
729 808 831 852 unum
848 795 979 851 tantum
991 784 1193 850 vocabulum
1211 782 1377 847 excidisse

253 918 517 982 verisimileest.
551 918 631 980 Post
654 915 754 978 donec
776 914 875 997 igitur
901 915 1019 978 lacuna
1045 912 1222 976 statuenda
1247 921 1307 976 est.
1335 948 1379 958 —

255 1032 329 1109 Nisi
355 1047 460 1109 mavis
484 1066 527 1108 ex
544 1044 817 1108 Vindobonensis
835 1061 862 1107 1.
876 1043 1018 1106 lectione
1032 1041 1132 1103 donec
1146 1037 1379 1102 desideraren-

257 1182 334 1250 tur,
368 1193 445 1236 cum
477 1181 663 1236 ceterorum
688 1169 811 1234 collata
836 1190 951 1233 eruere
975 1167 1076 1231 donec
1101 1187 1187 1250 quae
1211 1159 1381 1228 desidera·
1424 1197 1426 1200 ·

258 1310 337 1365 rmt
360 1300 492 1365 milites
515 1299 773 1366 ordinarentur.

305 1555 392 1620 CAP.
441 1569 495 1635 25.
555 1553 673 1618 Minus
706 1553 861 1636 perfecto
901 1552 982 1615 duci
1024 1551 1200 1628 conuenire
1240 1552 1383 1615 restituit

257 1683 403 1748 Rothius
427 1701 489 1763 pro
506 1679 634 1762 vulgari
652 1678 865 1762 imperfecte,
887 1679 946 1742 sed
963 1679 1151 1763 supersedit
1168 1680 1199 1741 in
1218 1687 1382 1761 apparatu

256 1811 372 1875 critico
412 1807 536 1871 addere
576 1807 772 1870 Memmiani
809 1807 1019 1889 aliorumque
1051 1816 1201 1870 veterum
1226 1806 1381 1870 codicum

257 1938 435 2003 lectionem
459 1957 525 1999 non
550 1956 621 1998 esse
647 1934 728 1998 duci
751 1935 810 1998 sed
836 1933 928 1998 dure.
955 1935 1111 1998 Ceterum
1130 1936 1197 1998 iam
1214 1934 1383 1998 Bentleius

258 2072 479 2148 proposuerat
511 2063 751 2126 correctionem
777 2064 932 2146 perfecte
965 2063 1046 2126 duri
1069 2063 1124 2146 (cf.
1151 2062 1280 2125 Becker
1301 2063 1380 2144 Jbb.

257 2191 279 2256 i.
317 2191 402 2255 Phil.
442 2191 504 2270 87,
543 2187 634 2270 203).
684 2188 752 2252 Sed
789 2188 881 2252 salva
916 2191 1099 2272 reverentia
1132 2211 1236 2272 quam
1268 2211 1384 2254 omnes

259 2315 422 2382 debemus
447 2317 637 2379 criticorum
664 2306 711 2379 iili
737 2316 835 2379 facile
860 2317 1021 2399 principi,
1048 2327 1161 2380 tamen
1186 2339 1259 2388 non,
1277 2318 1383 2381 ausim

258 2467 320 2529 pro
344 2444 499 2508 codicum
524 2444 666 2507 lectione
692 2444 892 2506 substituere
918 2443 999 2506 illud
1025 2444 1292 2526 vulgatissimum
1303 2455 1382 2527 per-

251 2575 347 2658 jecto
372 2571 469 2649 duci,
500 2572 592 2655 quod
612 2557 693 2654 'quis
719 2593 867 2654 unquam
893 2573 1092 2636 correxisset
1117 2574 1149 2635 in
1175 2572 1211 2635 ire
1228 2573 1382 2657 perfecto

259 2699 357 2776 duce,
383 2718 460 2762 cum
486 2699 622 2761 omnino
647 2699 852 2761 correctione
877 2721 962 2781 opus
987 2720 1052 2762 non
1079 2700 1185 2763 essct?

306 2828 479 2890 Praestare
514 2837 626 2890 autem
655 2836 738 2909 puto
763 2827 924 2891 Suetonio
948 2829 1118 2891 vindicare
1142 2827 1310 2910 peculiare
1335 2827 1384 2890 di-

259 2953 357 3018 cendi
387 2974 492 3035 genus
525 2975 627 3036 quam
665 2953 767 3036 vulgo
799 2932 958 3037 probatas
989 2957 1069 3019 artis
1094 2956 1228 3019 criticae
1253 2955 1384 3038 regulas

187 3093 190 3098 “
261 3077 448 3164 infringere.
476 3082 589 3146 Etiam
607 3104 651 3146 ex
669 3083 849 3147 multarum
867 3084 1051 3147 editionum
1070 3083 1229 3146 mendosa
1242 3083 1384 3146 lectione

260 3211 298 3275 in
340 3210 537 3292 imperfecto
576 3210 657 3274 duce
693 3211 815 3276 tradita
853 3213 952 3275 lectio
988 3221 1066 3294 apte
1094 3212 1229 3275 defendi
1254 3222 1383 3294 potest,

260 3340 314 3401 cui
350 3337 454 3400 semel
490 3338 693 3420 depravatae
730 3339 773 3402 ad
806 3338 1004 3422 imperfecte
1045 3361 1156 3403 rursus
1181 3341 1384 3423 praepositio

262 3466 396 3530 adiecta
420 3473 481 3530 est.

309 3719 395 3784 CAP.
424 3735 478 3799 31.
527 3718 773 3801 Ambirerrtque
801 3721 908 3784 errrrlti
930 3743 970 3785 ree
988 3723 1091 3807 filins
1116 3724 1152 3786 in
1175 3733 1299 3786 sortem
1325 3725 1385 3786 da-

262 3855 350 3910 rent.
409 3847 481 3908 Iam
527 3847 788 3932 Oudendorpius
828 3852 956 3914 monuit
992 3852 1058 3914 huc
1101 3852 1183 3914 nihil
1220 3853 1385 3934 quadrare

263 3975 325 4038 nisi
357 3972 459 4037 daret
490 3975 592 4057 idque
625 3977 754 4058 optimo
780 3977 859 4041 iure.
911 3979 1000 4041 Nam
1025 3988 1260 4062 praeterquam
1294 3982 1385 4062 quod

262 4121 379 4170 vereor
403 4109 439 4164 ut
463 4100 602 4165 latinum
627 4102 669 4166 sit
693 4103 870 4167 ambibunt
894 4105 1001 4168 multi
1024 4127 1063 4167 ree
1081 4107 1184 4192 filins
1209 4107 1244 4170 ire
1261 4117 1384 4170 sortem

264 4228 389 4292 darent
405 4249 466 4313 pro
483 4229 568 4293 dare
591 4240 802 4312 cogerentur,
829 4252 870 4294 ne
895 4232 1098 4315 sicquidem
1116 4235 1281 4298 sententia
1297 4245 1386 4300 recte

264 4367 440 4423 constaret.
467 4357 694 4423 -Otiosum
732 4378 838 4439 paene
873 4359 1005 4423 videtur
1041 4381 1209 4444 exponere
1246 4362 1327 4446 quid
1354 4364 1386 4425 in
