3254 5212
770 530 814 596 47

228 716 355 800 tariis1)
381 717 623 782 restituendum
648 727 697 782 est
722 719 807 799 „nisi
833 726 910 782 ante
935 740 994 802 per
1019 718 1230 785 Volusenum
1256 720 1358 805 porti-

232 844 293 906 bus
334 854 366 909 et
406 847 619 928 navigatione
648 855 681 910 et
716 867 851 911 accessu
889 848 933 911 ad
971 848 1113 912 insulam
1151 849 1356 934 exploratis''

230 972 338 1034 obviis
366 975 486 1037 causis.
508 1011 552 1020 --
575 973 642 1037 Sed
661 984 731 1054 per
758 994 791 1036 se
815 975 867 1038 i.e.
894 996 954 1036 sua
979 996 1099 1059 opera,
1126 975 1218 1039 nullo
1247 977 1357 1040 alieno

228 1099 355 1162 auxilio
391 1100 544 1178 adiecto,
583 1101 638 1164 hic
671 1111 759 1164 stare
791 1103 917 1184 nequit.
952 1102 994 1167 cf.
1025 1102 1117 1184 Aug.
1147 1120 1201 1166 20.
1228 1102 1283 1182 64.
1311 1140 1356 1149 --

229 1227 282 1289 De
316 1227 447 1292 medela
482 1229 549 1292 iam
580 1230 636 1292 alii
661 1230 807 1293 videant.
834 1267 878 1276 —-
904 1229 1059 1292 Alterum
1093 1239 1206 1294 autem
1237 1231 1355 1295 vitium

229 1354 398 1420 lenissima
434 1379 541 1440 eaque
578 1368 614 1420 ut
647 1358 728 1421 mihi
761 1358 893 1421 videtur
928 1357 1113 1420 certissima
1148 1358 1356 1421 correctione

228 1505 345 1550 sanare
378 1509 554 1570 possumus
586 1489 768 1551 scribentes
796 1487 866 1551 nisi
888 1497 928 1550 ut
952 1496 1032 1549 ante
1056 1523 1100 1532 -
1126 1487 1353 1567 explorasset,

227 1634 315 1695 quae
348 1617 549 1680 constructio
587 1617 631 1680 ab
664 1617 754 1678 omni
791 1625 887 1699 parte
923 1615 1103 1698 respondet
1140 1613 1353 1698 praecedenti

227 1742 298 1804 nisi
331 1764 408 1807 cum
443 1745 636 1827 participio.
663 1743 714 1807 Cf.
748 1744 840 1824 Aug.
873 1742 929 1822 64.
956 1765 1088 1826 „neque
1113 1744 1244 1806 cenavit
1269 1763 1353 1820 una,

226 1871 288 1932 nisi
321 1881 357 1934 ut
382 1873 414 1935 in
440 1873 508 1935 imo
533 1873 619 1935 lecto
644 1871 846 1948 assiderent,
882 1890 990 1953 neque
1016 1872 1077 1934 iter
1101 1871 1202 1949 fecit,
1229 1871 1291 1934 nisi
1317 1879 1354 1934 ut

228 1997 382 2060 vehiculo
407 1998 605 2062 anteirent.’'

273 2217 358 2282 CnP.
383 2216 438 2298 64.
488 2218 537 2283 Ut
561 2219 635 2282 aliis
659 2218 741 2280 locis
768 2219 813 2281 ita
834 2219 889 2281 hic
910 2239 1046 2303 quoque
1071 2240 1115 2282 ex
1140 2220 1250 2283 Dione
1277 2239 1352 2282 nos-

225 2353 312 2407 trum
334 2345 389 2407 hic
408 2345 475 2407 illic
500 2345 543 2408 ad
560 2347 699 2408 verbum
718 2346 878 2408 reddente
896 2347 1120 2429 corruptelam
1138 2368 1257 2410 sanare
1274 2369 1350 2431 pos-

223 2492 316 2551 sum,
348 2454 441 2554 quod
475 2474 626 2556 profecto
655 2495 720 2537 non
746 2475 914 2552 auderem,
941 2476 968 2536 si
993 2475 1092 2537 lectio
1120 2474 1288 2538 desilisset
1313 2474 1349 2537 in

224 2621 319 2662 mare
355 2601 387 2664 in
423 2603 579 2665 omnibus
616 2602 709 2666 libris
745 2612 972 2686 compareret,
1012 2603 1071 2666 sed
1106 2604 1138 2666 in
1172 2603 1295 2667 Medic.
1331 2620 1342 2664 1

222 2737 332 2792 exstat
355 2728 519 2808 dedisset,
545 2730 633 2794 unde
667 2730 928 2814 Oudendorpius
953 2730 1064 2793 effecit
1088 2729 1232 2793 dedisset
1254 2751 1288 2793 se
1312 2730 1348 2794 in

223 2875 328 2921 mare.
355 2893 399 2903 —
425 2857 546 2941 Neque
569 2859 638 2922 veri
663 2858 771 2921 simile
796 2867 878 2941 puto
904 2857 1102 2935 Caesarem,
1128 2859 1186 2921 ubi
1212 2879 1348 2921 necesse

223 3003 289 3047 non
322 2995 425 3063 esset,
461 2987 493 3048 in
523 3008 614 3050 mare
646 2988 837 3064 desiluisse,
864 2987 956 3069 quod
981 3008 1046 3049 non
1071 2987 1133 3049 nisi
1159 2988 1191 3049 in
1215 3007 1347 3049 summo

222 3111 413 3177 discrimine
430 3135 507 3178 eum
525 3115 691 3179 facturum
709 3117 810 3179 fuisse
827 3137 888 3197 par
905 3124 971 3191 est,
990 3115 1049 3177 sed
1067 3117 1178 3199 potius
1196 3116 1348 3198 suspicor

223 3261 298 3304 eum
332 3243 483 3324 pluribus
510 3244 542 3306 in
568 3244 710 3306 eandem
735 3243 897 3325 scapham
927 3263 962 3304 se
987 3243 1288 3324 praecipitantibus
1314 3244 1347 3305 in

223 3389 314 3432 mare
338 3371 481 3435 eiectum
506 3372 617 3435 fuisse.
656 3371 770 3461 Quare
795 3371 906 3434 scribo
931 3369 1118 3447 decidisset,
1147 3369 1240 3452 quod
1266 3371 1347 3452 legi·

221 3505 273 3559 tur
297 3497 388 3580 apud
413 3499 559 3562 Dionem
585 3499 682 3562 XLII
711 3516 767 3579 40.
793 3518 826 3579 4.
864 3495 915 3557 καὶ
939 3493 1042 3560 αὐτῶν
1067 3493 1292 3580 ἐςβιαζομένων
1317 3500 1347 3568 ἐς·

222 3619 275 3694 τοὶς
297 3629 375 3696 ναῦς
396 3619 485 3686 ἄλλοι
509 3649 540 3688 τε
570 3621 679 3688 πολλοὶ
702 3624 732 3697 ἐς
756 3622 811 3706 τὴν
841 3620 999 3690 θάλασσαν
1039 3621 1252 3698 ἐξέπεσον
1294 3626 1346 3688 καὶ

222 3743 395 3828 ὁΚαῒσαρ.
427 3785 471 3794 -
506 3747 556 3812 Cf.
595 3749 702 3812 Plaut.
741 3749 831 3812 Pers.
869 3747 928 3811 IV.
966 3765 998 3826 4.
1036 3762 1078 3827 45
1119 3748 1176 3827 „in
1213 3747 1346 3832 foveam

221 3876 366 3948 decidi.''

268 4079 354 4144 CAP.
381 4094 436 4161 75.
484 4080 619 4142 Bestias
639 4101 766 4162 quoque
786 4079 836 4141 ad
852 4067 973 4142 enanis
987 4077 1111 4160 populi
1130 4090 1346 4161 comparatas

221 4207 532 4272 contrucidaverot.
573 4207 749 4290 Nusquam
774 4208 876 4270 verba
898 4227 1018 4270 multus
1027 4205 1153 4290 populi
1168 4208 1345 4272 coniuncta

225 4368 428 4380 ——--

253 4457 273 4518 1)
309 4453 338 4504 Β.
357 4451 389 4503 G.
408 4445 459 4506 IV.
477 4464 518 4502 21.
