3254 5212
432 1641 708 1706 PRAEFATIO
734 1641 802 1704 AD
828 1640 1103 1706 LECTOREM.

256 2179 413 2240 Fortasse
438 2199 504 2241 non
529 2180 674 2242 otiosum
701 2180 799 2242 suerit
824 2199 992 2260 exponere
1017 2199 1120 2260 quam
1145 2177 1190 2238 ob
1212 2197 1282 2238 rem
1300 2176 1333 2238 in

210 2306 365 2387 eligendo
399 2315 596 2398 argumento
629 2305 890 2384 dissertationis,
925 2326 1028 2387 quam
1061 2306 1266 2388 pervenienti
1291 2304 1334 2367 ad

211 2434 355 2496 tirocinii
377 2433 589 2496 Academici
621 2434 722 2496 finem
748 2442 781 2496 et
804 2434 914 2497 studia
941 2434 974 2496 in
999 2433 1213 2496 universitate
1237 2433 1336 2495 abso·

209 2561 318 2624 luturo
336 2582 470 2624 necesse
492 2571 542 2624 est
559 2562 778 2638 conscribere,
794 2561 955 2625 Suetonio
969 2561 1181 2644 potissimum
1194 2580 1333 2642 operam

209 2689 289 2752 dare
321 2689 560 2753 constituerim.
611 2690 657 2752 Et
689 2688 827 2771 quidem
853 2690 940 2752 duae
964 2698 1041 2753 sunt
1065 2710 1185 2753 causae
1210 2688 1334 2771 quibus

209 2826 381 2899 permotus
414 2838 488 2881 sum
523 2827 559 2880 ut
591 2817 796 2881 Suetoniana
829 2817 940 2882 studia
973 2827 1050 2901 post
1082 2817 1199 2881 Rothii
1229 2817 1261 2880 in
1295 2837 1334 2880 ea

211 2946 398 3029 impensam
436 2967 574 3028 operam
612 2946 860 3028 refrigescentia
885 2968 995 3011 rursus
1024 2946 1161 3009 focilare
1186 2966 1333 3022 conarer,

210 3074 301 3155 quod
328 3074 410 3136 mihi
434 3094 631 3156 persuasum
656 3083 727 3137 erat
746 3076 778 3137 in
795 3076 942 3139 editione
959 3075 1150 3152 Rothiana,
1175 3062 1264 3157 'quae
1281 3095 1335 3137 su·

209 3201 356 3282 periores
381 3221 498 3263 omnes
524 3201 729 3265 oblitteravit
753 3211 855 3285 atque
880 3202 982 3266 hodie
1007 3203 1074 3265 sere
1099 3203 1170 3266 sola
1187 3204 1333 3266 virorum

210 3328 385 3393 doctorum
423 3330 456 3391 in
492 3331 645 3394 manibus
682 3341 748 3408 est,
791 3331 936 3415 plurima
974 3332 1092 3394 iniuria
1129 3331 1226 3394 nobis
1263 3330 1334 3394 dari

210 3458 306 3538 quasi
332 3477 351 3519 a
369 3456 520 3519 Suetonii
539 3478 638 3521 manu
656 3459 822 3541 profecta,
846 3467 916 3521 tam
933 3459 1129 3541 postpositis
1146 3469 1334 3522 ceterorum

210 3585 364 3648 codicum
401 3584 600 3647 lectionibus
637 3606 717 3668 prae
755 3586 952 3650 Memmiani
989 3607 1092 3669 quarn
1129 3588 1248 3668 spretis
1273 3587 1335 3648 cri·

208 3713 351 3776 ticorum
377 3711 474 3774 bonis
499 3712 808 3792 emendationibus3
834 3724 907 3777 tum
932 3714 1024 3797 quod
1042 3735 1165 3797 operae
1189 3715 1334 3797 pretium

210 3863 282 3905 esse
305 3841 468 3923 putabam
493 3843 659 3906 nonnullis
683 3843 766 3906 locis
791 3865 929 3926 operam
955 3844 1035 3906 dare
1060 3845 1118 3926 qui
1143 3851 1201 3907 aut
1225 3864 1336 3925 neque

210 3991 229 4033 a
254 3970 480 4052 superioribus
505 3970 628 4033 criticis
653 3991 762 4052 neque
787 3973 831 4034 ab
857 3973 930 4054 ipso
956 3971 1083 4034 Rothio
1108 3981 1197 4034 recte
1222 3993 1335 4034 emen-

210 4098 281 4161 dati
305 4107 399 4160 erant
424 4106 481 4160 aut
498 4099 634 4160 omnino
653 4118 718 4160 non
735 4107 829 4160 erant
846 4099 977 4161 tractati
995 4108 1097 4180 atque
1114 4099 1225 4162 adhuc
1242 4100 1334 4180 gravi

209 4227 286 4290 labe
314 4226 478 4290 laborant.
528 4225 628 4288 Unde
666 4225 845 4287 necessitas
882 4235 1062 4289 consecuta
1098 4236 1148 4290 est
1176 4226 1331 4290 bilariam
1375 4215 1378 4222 ’

208 4355 295 4416 hanc
331 4353 603 4415 dissertationem
637 4351 828 4430 dividendi,
860 4355 954 4418 cuius
991 4355 1082 4436 prior
1119 4375 1196 4437 pars
1221 4365 1337 4436 ageret

208 4481 251 4544 de
276 4481 316 4541 iis
341 4481 424 4543 locis
449 4481 506 4561 qui
532 4479 623 4566 apud
649 4482 813 4546 Rothium
839 4482 950 4546 adhuc
976 4482 1128 4545 mendosi
1147 4492 1334 4559 exstarent,

1199 4611 1210 4654 1
