3254 5212
807 448 853 527 64

269 656 315 716 rei
341 675 442 717 causa
466 653 578 716 media
607 663 704 716 nocte
733 655 766 716 in
800 651 919 715 aedem
949 651 1120 733 Apollinis
1144 652 1321 716 venissent.
1352 687 1397 698 -

271 782 327 846 Ad
369 783 501 846 solenne
536 781 713 863 Apollinis
751 781 793 844 cf.
828 780 887 843 Cic
920 779 1067 861 Harusp.
1107 797 1158 844 10.
1197 779 1270 844 Liv.
1298 781 1322 842 I.
1363 795 1395 858 7.

273 910 472 973 XXXVIII.
494 925 509 989 5
516 924 547 989 7.
574 908 616 971 V.
638 923 699 988 52,
723 908 780 970 ubi
801 908 903 970 etiam
923 908 1063 970 verbum
1089 909 1236 970 obeundi
1261 908 1397 988 legitur:

273 1038 453 1120 „sollenne
479 1036 608 1099 Fabiae
632 1036 740 1117 gentis
758 1035 791 1096 in
807 1035 893 1097 colle
909 1033 1075 1116 Quirinali
1098 1035 1204 1099 obiit'’
1223 1036 1279 1118 (ad
1297 1055 1399 1117 quem

279 1167 390 1230 locum
416 1165 457 1228 cs.
484 1163 681 1244 Drakenb.).
708 1200 752 1208 —

322 1420 407 1484 CAP.
442 1438 497 1502 94.
543 1419 588 1499 (p,
624 1419 678 1478 80.
722 1416 774 1496 1.).
825 1416 942 1479 Liceat
967 1417 1135 1479 lenissima
1168 1416 1402 1480 emendatione

276 1548 442 1610 maculam
468 1547 542 1608 loco
567 1544 694 1606 allitam
720 1542 902 1624 detergere.
952 1544 1025 1606 Aut
1049 1546 1137 1606 enim
1162 1544 1273 1625 legere
1297 1544 1402 1607 debes

277 1685 411 1737 tanturn
421 1672 570 1754 flamma
591 1670 788 1747 emicuisset,
814 1680 853 1733 nl
876 1682 1092 1753 supergressa
1109 1670 1302 1756 fastigium
1329 1693 1421 1753 eqs„

277 1813 334 1865 aut
347 1810 481 1862 tanturn
490 1799 657 1881 flammae
673 1798 863 1861 enn'cnisset
875 1809 914 1860 nl
929 1810 1180 1881 supergressum
1197 1799 1401 1883 fastigium.

277 1930 319 1992 ci.
345 1928 418 1991 Liv.
445 1927 488 1991 V.
515 1925 559 1988 26
587 1935 740 2006 „tantum
766 1928 899 2008 pavoris
925 1928 1082 1990 iniectum
1108 1926 1192 1991 est.’'
1220 1927 1290 1992 Cic.
1318 1927 1404 1992 Cato

279 2077 322 2120 m.
354 2076 381 2119 c.
412 2073 447 2116 11
485 2063 637 2134 „tantum
662 2056 729 2117 cibi
754 2053 983 2118 adhibendum
1007 2055 1090 2118 est.''
1132 2055 1263 2118 Causae
1291 2065 1404 2119 autem

279 2182 488 2264 corruptelae
515 2183 546 2243 in
573 2192 730 2265 promptu
756 2192 841 2245 sunt.

327 2437 412 2500 CAP.
431 2454 486 2518 94.
514 2437 558 2516 (p.
584 2437 638 2497 80.
667 2437 748 2516 21.).Ι
781 2437 817 2496 In
836 2436 972 2498 Memm.
992 2445 1103 2498 exstat
1128 2436 1163 2498 in
1180 2437 1252 2498 eins
1270 2437 1406 2518 si'gnnnz

279 2565 363 2645 reip.
391 2584 491 2646 qnam
530 2564 575 2644 (in
602 2563 751 2642 margine
787 2573 899 2625 tamen
935 2565 1096 2645 scriptum
1122 2575 1171 2627 est
1196 2565 1283 2641 sinn,
1312 2564 1406 2646 quod

283 2699 359 2774 post
379 2689 450 2751 eins
471 2710 541 2751 esse
568 2689 759 2772 ponendum
786 2692 881 2771 signo
899 2691 1014 2772 aliquo
1033 2692 1215 2755 indicatum
1234 2702 1303 2769 est,
1325 2701 1408 2754 teste
1512 2711 1515 2717 ·

191 2827 192 2832 ’
285 2818 436 2882 Beckero
470 2819 549 2898 Jbb.
587 2817 608 2880 f.
647 2817 731 2880 Phil.
765 2819 819 2897 87.
848 2819 946 2899 203),
973 2856 1016 2864 -
1045 2820 1077 2881 in
1103 2819 1227 2882 Medic.
1260 2838 1287 2882 1.
1316 2837 1346 2899 3.
1373 2819 1409 2880 in

282 2949 393 3011 sinrnn
420 2947 491 3010 eins
515 2947 660 3030 signmn.
687 2955 750 3008 etc.
777 2947 818 3010 cs.
846 2947 950 3010 Roth.
978 2947 1081 3030 praef.
1110 2947 1186 3010 XII.
1203 2984 1246 2992 —
1263 2947 1409 3010 Rothius

284 3076 429 3157 demque
460 3097 536 3138 cum
569 3075 721 3138 Bentleio
747 3074 783 3136 in
808 3075 879 3137 ains
902 3075 1012 3137 sinnni
1044 3094 1114 3136 rem
1142 3086 1179 3155 p.
1211 3095 1312 3156 qnam
1338 3096 1407 3157 eqs

285 3187 426 3286 scripsit.
475 3203 543 3268 Sed
568 3204 667 3265 velim
690 3202 771 3263 mihi
797 3203 960 3284 explicet,
991 3203 1072 3284 quid
1098 3205 1140 3266 sit
1167 3223 1350 3286 „reponere
1376 3206 1408 3264 in

287 3334 357 3394 eius
382 3334 490 3394 sinum
509 3352 578 3392 rem
605 3352 637 3412 p.
656 3350 758 3411 quam
780 3330 958 3410 gestaret.”
997 3329 1082 3410 Quis
1107 3333 1218 3414 ponit,
1253 3342 1309 3394 aut
1334 3333 1409 3414 quis

286 3469 397 3540 gestat
420 3480 489 3521 rem
523 3456 714 3539 publicam?
763 3456 884 3538 Neque
918 3457 1023 3520 multo
1058 3468 1206 3539 praestat
1236 3459 1271 3521 in
1297 3459 1408 3521 Sinnin

286 3588 358 3651 eins
381 3586 515 3669 signnm
548 3583 776 3666 reipublicae,
815 3604 891 3646 cum
926 3585 1017 3648 haud
1042 3585 1140 3648 facile
1173 3586 1240 3649 tale
1277 3587 1408 3667 signum

289 3714 428 3797 aliquod
447 3715 507 3778 tibi
526 3714 650 3794 fingas,
674 3733 734 3775 nec
751 3713 887 3775 omnino
911 3734 962 3775 res
983 3714 1117 3795 publica
1134 3715 1230 3795 signo
1247 3716 1410 3777 Romanis

289 3853 367 3908 ante
408 3841 522 3905 oculos
562 3844 761 3925 ponebatur.
812 3843 901 3905 Nam
933 3843 991 3904 vix
1021 3841 1154 3905 admitti
1192 3851 1302 3926 potest
1335 3863 1410 3904 curn

291 3972 492 4036 Casaubono
513 3971 661 4052 cogitare
674 3972 716 4034 de
741 3972 850 4053 sigillo
864 3971 1018 4053 publicO,
1038 3980 1074 4033 ut
1095 3971 1251 4054 symbolo
1272 3971 1410 4033 dominii

291 4108 324 4164 et
361 4100 546 4182 potestatis.
592 4100 659 4164 Sed
698 4110 733 4163 ut
772 4101 838 4163 iam
874 4100 1008 4181 saepius
1046 4101 1158 4162 monui
1197 4099 1251 4161 hic
1276 4120 1411 4180 quoque

290 4229 489 4294 Suetonium
528 4249 570 4292 ex
613 4230 722 4291 Dione
760 4228 824 4290 hoc
861 4229 971 4309 capite
1007 4237 1156 4291 nostrum
1193 4228 1236 4289 ad
1273 4228 1412 4290 verbum

293 4357 452 4423 reddente
489 4358 659 4421 emendari
693 4378 790 4438 posse
829 4356 909 4419 mihi
947 4377 1142 4438 persuasum
1178 4366 1237 4419 est.
1299 4357 1412 4418 Verba
