3254 5212
770 575 808 643 35

230 760 360 840 rabat'',
397 762 480 827 Tac.
517 763 634 845 Agric.
667 782 708 844 41
745 786 866 847 „aures
896 767 1089 831 verberatas
1122 767 1234 851 (esse),
1267 767 1348 831 dum

231 891 366 971 pessimi
403 892 700 977 exstimulabant'')
738 915 797 976 per
828 894 908 959 dum
942 916 1018 959 cum
1052 899 1252 981 Imperfecto
1285 917 1350 960 non

232 1019 396 1083 indicatur
432 1042 489 1097 ea,
527 1042 614 1102 quae
653 1023 684 1084 in
718 1026 888 1088 sententiis
914 1026 1072 1106 primaria
1097 1035 1130 1089 et
1154 1024 1351 1088 secundaria

232 1168 390 1229 expressa
421 1159 512 1226 sunt,
549 1170 613 1212 uno
638 1150 826 1233 eodemque
851 1153 1012 1236 temporis
1035 1154 1145 1235 spatio
1170 1154 1350 1230 contineri,

231 1295 346 1338 verum
371 1296 411 1338 eo
438 1277 510 1358 ipso
535 1286 701 1359 tempore,
728 1299 796 1360 quo
823 1278 856 1342 id
874 1281 998 1345 factum
1016 1292 1065 1345 est
1082 1281 1173 1364 quod
1191 1283 1351 1366 primaria

232 1403 394 1466 sententia
427 1405 592 1481 continet,
626 1406 727 1478 etiam
761 1407 852 1471 aliud
882 1407 963 1489 quid
989 1408 1114 1472 factum
1140 1429 1230 1487 esse,
1259 1409 1351 1492 quod

233 1533 265 1594 in
290 1533 452 1597 sententia
477 1531 674 1597 secundaria
700 1535 828 1598 dictum
854 1545 913 1600 est.
932 1537 1050 1620 Itaque
1067 1559 1134 1601 non
1151 1559 1286 1603 necesse
1303 1547 1355 1603 est

230 1660 334 1722 verba
359 1659 438 1723 dum
463 1660 686 1724 salutabatur
710 1683 742 1724 se
765 1662 938 1725 calciabat
962 1665 1150 1746 significare
1168 1666 1352 1748 „quamdiu

232 1787 441 1850 salutabatur
460 1810 494 1851 se
512 1789 712 1866 calciabat'',
731 1790 789 1853 sed
808 1791 909 1853 etiam
928 1790 1074 1854 indicare
1092 1801 1232 1874 possunt
1249 1793 1353 1876 (quod

231 1914 332 1996 vulgo
365 1936 424 1997 per
456 1915 535 1978 dum
569 1938 646 1978 cum
676 1920 841 1999 praesenti
868 1928 1019 2001 tempore
1043 1919 1205 2004 redditur)
1231 1921 1287 2000 „in
1313 1940 1354 1983 eo

231 2045 393 2124 temporis
418 2045 547 2127 spati0,
574 2065 642 2127 quo
668 2045 887 2122 salutabatur,
915 2046 1015 2108 etiam
1042 2042 1209 2110 calciabat
1225 2045 1354 2112 se.”-

280 2302 365 2365 CAP.
393 2317 448 2366 22.
498 2285 705 2384 Mngnopere
739 2302 840 2363 miror
869 2301 1033 2364 Rothium
1059 2301 1141 2364 nihil
1167 2303 1355 2385 praefatum

233 2429 335 2492 verba
362 2430 393 2491 in
419 2438 549 2492 textum
576 2429 740 2511 recepisse
766 2449 875 2510 neque
899 2429 943 2490 ab
968 2428 1042 2491 aliis
1066 2449 1175 2511 neque
1192 2451 1211 2492 a
1229 2450 1264 2492 se
1282 2431 1355 2514 ipso

136 2581 140 2586 ·
235 2557 413 2623 intellecta.
441 2558 530 2621 Nam
556 2558 637 2640 quid
663 2559 830 2638 significat
853 2566 887 2620 et
908 2568 1008 2639 super
1031 2579 1168 2621 caenam
1186 2568 1299 2623 autem
1324 2570 1357 2623 et

232 2698 359 2769 semper
390 2688 483 2752 alias
512 2687 745 2750 comissimus?
789 2685 824 2749 Si
862 2686 929 2750 tale
965 2687 1092 2769 aliquid
1130 2690 1275 2751 scribere
1298 2709 1356 2753 vo-

233 2816 348 2880 luisset
378 2815 575 2893 SuetoniuS,
608 2817 679 2879 sine
711 2816 815 2878 dubio
847 2815 932 2878 haec
965 2816 1033 2878 fere
1058 2817 1239 2880 memoriae
1264 2838 1357 2880 man-

234 2943 364 3008 dasset:
399 2943 552 3026 ,Semper
576 2943 786 3005 comissimus
812 2943 976 3025 imprimis
1001 2964 1101 3026 super
1125 2965 1264 3008 caenam
1290 2945 1357 3008 lae·

237 3073 329 3136 titiae
366 3070 582 3152 indulgebat’.
620 3070 688 3134 Sed
724 3070 847 3133 tradita
873 3070 972 3132 lectio
1005 3072 1256 3154 corruptissima
1289 3082 1356 3151 est;

235 3200 356 3263 sufficit
388 3199 476 3260 enim
508 3198 658 3280 ineptum
684 3197 765 3261 illud
790 3206 903 3260 autem
931 3197 1119 3276 attendere3
1146 3219 1255 3280 neque
1279 3220 1358 3262 vero

236 3327 370 3390 Graevii
395 3334 428 3388 et
452 3326 634 3388 Burmanni
658 3336 758 3409 super
782 3325 876 3388 aleas
899 3336 958 3389 aut
972 3336 1072 3407 super
1088 3325 1199 3388 aleam
1214 3345 1357 3408 usquam

235 3456 315 3519 alibi
348 3455 574 3532 inveniuntur,
617 3474 726 3536 neque
762 3453 874 3517 hercle
910 3461 1169 3516 consentaneum
1205 3461 1256 3517 est
1290 3452 1358 3517 Ve-

234 3584 427 3666 spasianum
453 3591 569 3665 utpote
593 3582 766 3645 hominem
791 3580 834 3644 ad
855 3601 925 3644 rem
943 3580 1127 3644 avidiorem
1153 3581 1253 3645 aleae*
1271 3582 1358 3646 lusui

234 3732 269 3775 se
294 3712 437 3776 dedisse.

282 3841 372 3924 Quid
398 3849 510 3903 autem
535 3838 696 3902 Suetonio
721 3836 929 3900 reddendum
955 3839 1015 3916 sit,
1046 3839 1182 3902 omnino
1207 3840 1274 3904 iam
1292 3860 1358 3904 non

236 3971 305 4032 erui
342 3989 440 4052 posse
477 3989 537 4051 pro
574 3975 664 4029 certo
702 3965 823 4029 habeo
875 3965 1022 4028 Tantum
1061 3965 1208 4030 indicare
1236 3967 1356 4045 velim,

237 4098 324 4161 unde
361 4097 443 4160 mihi
479 4117 614 4173 sensus,
651 4095 708 4177 qui
746 4094 910 4176 corruptis
946 4094 1056 4157 verbis
1081 4095 1187 4158 inesse
1213 4095 1354 4172 debeat,

236 4226 362 4308 optime
388 4223 500 4305 colligi
527 4244 625 4307 posse
661 4221 831 4298 videatur,
871 4221 998 4285 scilicet
1013 4218 1228 4306 Xiphil'ini1)
1253 4223 1356 4286 verba

271 4492 290 4552 1)
325 4487 372 4550 66,
393 4500 431 4538 11.
