3254 5212
837 564 877 626 14

296 752 446 816 dantiam
482 750 646 813 ascribere
681 750 769 814 licet.
795 749 887 813 'Sed
924 759 974 813 est
1006 742 1206 814 certissima
1223 741 1415 814 Casauboni

296 879 486 944 emendatio
522 877 623 952 urbi;
659 897 736 940 nam
773 877 838 940 hoc
875 877 998 941 Caesar
1033 880 1145 943 sanxit
1169 900 1210 942 ne
1234 880 1310 962 quis
1335 879 1417 941 civis

296 1010 381 1072 intra
416 1017 525 1071 certos
565 1008 685 1071 aetatis
723 1008 884 1070 terminos
920 1009 1073 1091 exceptis
1107 1008 1166 1091 qui
1207 1015 1416 1071 sacramento

294 1144 501 1211 tenerentur,
535 1135 610 1217 plus
634 1136 776 1199 triennio
800 1135 898 1199 Italia
922 1137 1071 1213 abesset,
1097 1137 1255 1198 nimirum
1280 1145 1316 1199 ut
1341 1134 1414 1198 urbi

296 1263 375 1328 belli
411 1262 659 1328 calamitatibus
703 1264 820 1328 incolis
856 1264 1046 1328 denudatae
1081 1255 1209 1328 rursus¹
1230 1263 1417 1346 frequentia

295 1391 471 1454 hominum
496 1390 639 1455 adesset.
665 1427 709 1439 -
735 1391 918 1474 Suppctcrc
942 1413 1018 1455 cum
1043 1393 1122 1458 Dat.
1141 1393 1247 1457 habes
1264 1391 1338 1456 Liv.
1356 1390 1416 1455 IV.

297 1537 351 1583 22.
377 1540 514 1601 passim.

344 1648 407 1711 His
432 1648 564 1711 duobus
589 1648 754 1731 exemplis
779 1649 860 1711 satis
884 1657 1025 1731 apparet
1050 1667 1110 1711 nos
1135 1648 1236 1711 etiam
1262 1648 1319 1711 ubi
1337 1645 1416 1710 boni

295 1777 429 1839 codices
466 1776 656 1858 conspirent
691 1776 888 1858 saepissime
924 1778 968 1840 ab
1001 1777 1041 1840 iis
1073 1774 1245 1840 discedere
1274 1775 1415 1850 debere,

294 1903 386 1986 quod
419 1904 477 1986 qui
502 1911 625 1985 negant
649 1903 746 1966 nobis
770 1902 892 1966 librum
918 1903 1181 1985 manuscriptum
1206 1903 1298 1985 typis
1324 1922 1416 1966 man-

295 2030 413 2094 datum
449 2023 684 2113 suppeditant,
724 2051 939 2112 nequaquam
972 2051 1051 2094 vero
1076 2039 1207 2094 textum
1233 2031 1285 2092 cui
1311 2031 1418 2093 bonus

295 2159 372 2221 insit
395 2178 520 2222 sensus.

342 2415 427 2480 CAP.
453 2432 510 2497 49.
541 2410 687 2478 Rothius
712 2414 816 2496 prael.
844 2415 964 2477 XXIV
989 2414 1129 2478 adnotat
1153 2415 1186 2478 in
1211 2415 1416 2477 Memmiano

293 2553 469 2609 exaratum
503 2563 575 2606 esse
604 2542 694 2618 clvi,
728 2562 793 2604 non
823 2551 856 2604 et
887 2531 1030 2618 vin'um,·
1060 2541 1153 2625 quod
1183 2552 1216 2607 et
1243 2535 1416 2605 Mediceus

290 2672 338 2734 III
367 2669 516 2733 exhibet.
550 2668 667 2751 Atque
691 2689 771 2731 sane
795 2690 918 2752 operae
943 2672 1088 2753 pretium
1117 2671 1224 2734 luerat
1249 2671 1409 2733 sciscitari

291 2806 401 2863 utrum
432 2799 464 2860 in
489 2796 540 2859 his
566 2796 740 2859 codicibus
765 2806 842 2878 post
865 2796 904 2860 vi
926 2819 1041 2862 rasura
1066 2807 1153 2862 esset
1177 2819 1218 2861 an
1244 2799 1358 2862 statim
1384 2799 1414 2862 ei

290 2925 456 2990 vocabulo
492 2924 749 3005 subiungeretur
783 2923 973 2990 Nicomedi.
1024 2924 1060 2989 Si
1086 2926 1175 2988 enim
1201 2919 1414 2989 manifestum

291 3053 416 3117 sactum
449 3052 512 3115 erit
543 3051 645 3114 verba
678 3051 852 3116 decurtata
888 3074 932 3116 ex
961 3053 1097 3136 reliquis
1130 3053 1304 3117 codicibus
1338 3075 1416 3137 sup-

291 3179 414 3264 plenda
439 3201 511 3243 esse
532 3180 578 3243 ita
603 3188 639 3242 ut
655 3169 777 3244 euadat
799 3189 833 3242 et
856 3181 993 3259 vinum,
1021 3182 1087 3245 iam
1112 3182 1249 3246 exulare
1272 3182 1414 3261 debent;

292 3318 407 3391 aperte
432 3309 521 3370 enlm
546 3306 708 3370 exhibent
719 3306 886 3388 glossema
900 3309 1171 3391 praecedentium
1184 3309 1234 3372 ad
1245 3311 1413 3393 cyathum.

291 3435 351 3500 Sin
382 3454 462 3499 vero
496 3433 564 3497 iure
597 3435 758 3517 suspicari
783 3434 898 3498 licebit
921 3435 1011 3499 aliud
1037 3407 1119 3519 quid
1146 3438 1178 3500 In
1202 3429 1360 3503 ductibus
1383 3448 1416 3502 ct

290 3563 329 3626 vi
352 3562 454 3645 (unde
479 3561 686 3638 GronoviuS,
712 3561 898 3625 Salmasius
916 3563 1097 3627 effecerunt
1109 3585 1197 3641 cum,
1224 3566 1316 3647 quod
1334 3566 1415 3629 mihi

291 3690 429 3774 quidem
453 3690 552 3754 valde
573 3690 693 3772 frigere
709 3690 853 3772 videtur)
878 3690 998 3769 latere,
1025 3692 1217 3756 criticorum
1240 3695 1415 3775 sagacitati

292 3818 403 3882 adhuc
428 3817 512 3880 haec
534 3817 637 3880 verba
662 3807 978 3882 commendaverim.
1013 3818 1103 3883 Nam
1128 3815 1306 3885 coniuncta
1332 3822 1416 3886 haec

290 3945 340 4008 ad
369 3943 525 4027 cyathum
551 3952 585 4005 et
609 3943 726 4006 virtum
753 3944 829 4007 ferri
858 3965 924 4007 non
958 3958 1097 4029 possunt
1121 3948 1164 4013 cf.
1191 3948 1273 4011 Hor.
1300 3950 1325 4013 1.
1353 3968 1414 4034 29,

295 4076 314 4136 8
340 4074 452 4136 Iuven.
479 4072 580 4148 XIII,
605 4089 662 4151 44.
689 4107 733 4117 -

340 4201 464 4263 Nostro
496 4198 570 4262 loco
604 4200 715 4282 potius
748 4208 984 4282 exspectamus
1011 4203 1150 4265 verbum
1170 4191 1219 4269 'ad
1243 4215 1415 4270 externam

291 4326 444 4391 Caesaris
480 4325 628 4407 speciem
655 4325 709 4389 vel
739 4318 865 4389 cultum
895 4327 1079 4409 pertinens,
1117 4351 1186 4413 quo
1217 4323 1351 4414 gravius
1374 4335 1417 4397 sit

291 4453 510 4537 opprobrium
535 4451 565 4513 ei
603 4443 742 4516 illatum.
793 4452 883 4516 Nam
920 4464 1050 4519 constat
1087 4456 1242 4521 dominos
1277 4468 1347 4522 tam
1383 4461 1416 4522 in
