3254 5212
752 551 794 613 41

217 741 249 803 in
276 741 446 824 primus),
481 750 582 824 atque
615 763 728 806 revera
761 742 826 804 hoc
858 750 946 817 erat,
966 737 1067 822 ,quod
1093 737 1218 801 Caesar
1242 733 1336 798 initio

216 869 407 933 consulatus
446 870 554 934 edixit
586 871 688 953 idque
724 871 853 954 optima
888 868 1026 932 ratione.
1087 866 1177 928 Nam
1212 862 1336 926 veritus

216 1018 257 1060 ne
292 1007 426 1061 senatus
463 999 562 1062 nimis
594 1000 658 1062 sibi
691 999 856 1062 resisteret
885 1018 966 1060 neve
998 993 1135 1058 consilia
1160 1013 1220 1056 sua
1245 990 1336 1054 irrita

215 1126 386 1205 redderet,
413 1137 490 1191 ante
515 1128 628 1190 omnia
653 1129 833 1190 arbitratus
858 1135 907 1188 est
932 1133 1086 1207 oportere
1111 1120 1237 1204 publici
1256 1119 1335 1181 iuris

216 1255 286 1317 fieri
324 1277 380 1333 ea,
422 1277 509 1338 quae
546 1265 679 1318 senatus
712 1255 931 1337 populusque·
951 1252 1106 1334 egissent.
1138 1249 1188 1313 cf.
1218 1247 1335 1328 Lange

215 1382 304 1446 R.A.
343 1385 399 1446 Ill.
439 1399 524 1466 279,
562 1384 644 1446 lhne
680 1382 769 1446 R.G.
795 1383 843 1445 VI
871 1384 955 1462 328,
978 1381 1072 1443 cuius
1096 1378 1242 1461 suspicio
1268 1376 1334 1438 iam

215 1519 291 1572 ante
329 1510 506 1575 Caesarem
545 1513 631 1575 hanc
657 1513 919 1594 publicationem
941 1510 1132 1574 ,institutam
1157 1506 1257 1568 suisse
1274 1526 1334 1587 op·

213 1637 293 1700 time
319 1660 393 1701 mea
418 1641 608 1703 coniectura
633 1640 826 1703 affirmatur.
877 1639 993 1721 Atque
1017 1658 1096 1701 vero
1125 1635 1333 1699 simillimum

214 1774 263 1828 est
288 1766 466 1830 Caesarem
491 1769 655 1831 abolitum
681 1789 809 1831 morem
834 1768 1016 1843 rettulisse,
1047 1765 1242 1849 praesertim
1267 1773 1334 1827 tur·

215 1895 300 1957 batis
325 1896 364 1957 iis
380 1898 607 1978 temporibus,
627 1898 683 1960 ubi
700 1897 792 1980 quod
810 1896 893 1960 alter
910 1896 1105 1960 instituisset
1121 1894 1204 1956 alter
1221 1893 1331 1956 denuo

213 2024 399 2104 abrogaret.
433 2024 484 2089 Cf.
509 2046 596 2107 quae
620 2035 813 2108 sequuntur.

259 2153 296 2214 In
327 2155 544 2235 sequentibus
572 2155 681 2216 verbis
705 2153 883 2237 antiquum
909 2151 1014 2214 etiam
1041 2150 1183 2213 rettulit
1208 2170 1332 2210 morem

212 2301 281 2362 eqs.
316 2302 426 2344 rursus
468 2282 630 2346 offendor.
680 2281 759 2345 Sine
784 2282 888 2346 dubio
914 2291 1025 2358 erunt,
1060 2281 1333 2363 quipronomen

210 2430 283 2472 enm
320 2410 502 2474 defendant
534 2432 576 2473 ex
602 2410 756 2473 liberiore
781 2412 852 2473 eius
878 2431 937 2472 usu
964 2431 1025 2491 pro
1049 2429 1082 2471 se
1106 2408 1197 2490 apud
1222 2417 1333 2489 poste-

211 2537 313 2600 riores
337 2540 532 2622 scriptores,
559 2560 647 2621 quae
666 2539 894 2621 interpretatio
912 2559 971 2620 per
988 2558 1023 2600 se
1040 2546 1129 2600 recta
1147 2536 1202 2599 hic
1218 2546 1331 2614 tamen

211 2664 300 2728 nullo
340 2666 442 2729 modo
479 2667 611 2730 admitti
648 2677 769 2750 potest.
819 2668 875 2729 Ex
910 2667 1021 2729 verbis
1057 2665 1145 2727 enim
1179 2664 1267 2726 hunc
1298 2664 1330 2727 in

211 2794 348 2857 modum
374 2797 560 2858 constitutis
585 2795 668 2857 nihil
693 2795 784 2858 aliud
809 2795 931 2858 deduci
950 2804 1061 2878 potest
1077 2795 1138 2856 nisi
1156 2794 1331 2875 antiquum

212 2942 338 2984 morem
374 2922 492 2998 fuisse,
523 2933 559 2985 ut
595 2944 754 2986 accensus
787 2933 864 2986 ante
895 2923 1073 2986 Caesarem
1104 2924 1165 2986 iret
1198 2943 1330 2998 mense,

137 3052 143 3062 “
206 3070 275 3131 quo
312 3050 417 3114 fasces
453 3072 518 3114 non
554 3052 704 3116 haberet.
754 3053 854 3136 Quod
891 3074 971 3115 sane
1000 3073 1098 3115 nemo
1124 3052 1327 3133 perhibebit.

206 3177 367 3240 Suetonio
393 3179 493 3259 igitur
529 3179 668 3242 reddere
703 3180 823 3242 velim:
862 3190 910 3256 ,ut
938 3201 1007 3262 quo
1037 3200 1150 3242 mense
1187 3179 1328 3262 [consul]

206 3306 313 3368 fasces
349 3328 414 3369 non
449 3307 606 3384 haberet,
645 3329 804 3371 accensus
841 3318 918 3372 ante
954 3329 1030 3371 eum
1057 3307 1127 3370 iret’
1154 3328 1223 3389 eqs.
1273 3307 1326 3369 De

207 3433 283 3496 loco
318 3436 410 3497 vocis
445 3435 563 3497 consul
597 3435 776 3517 disceptari
815 3444 939 3518 potest,
979 3434 1119 3498 fortasse
1152 3436 1184 3496 in
1212 3434 1329 3506 codice

207 3561 321 3643 aliquo
347 3560 445 3623 huius
469 3562 658 3624 omissionis
682 3563 861 3644 vestigium
887 3562 992 3626 adest.
1040 3562 1195 3625 Ceterum
1220 3563 1330 3626 littera

207 3689 314 3771 c(i.e.
341 3687 469 3770 consul)
504 3698 580 3771 post
611 3690 744 3766 everbi
778 3710 886 3753 mense
918 3691 1015 3754 facile
1050 3690 1245 3754 intercidere
1272 3711 1330 3773 po-

208 3816 280 3880 tuit.
308 3853 352 3861 —

256 4072 341 4135 CAP.
369 4089 422 4134 20.
460 4073 632 4135 Lacunam
658 4081 734 4154 post
760 4073 795 4135 in
813 4072 987 4135 universos
999 4073 1154 4134 cliversne
1159 4073 1330 4155 factionis

209 4202 292 4264 alius
306 4203 371 4265 alio
390 4201 491 4264 modo
509 4202 645 4284 explere
659 4210 797 4264 conatus
816 4211 875 4264 est.
902 4200 969 4265 Sed
988 4201 1150 4284 Stephani
1169 4202 1329 4279 induxit,

210 4329 322 4392 Ursini
356 4329 496 4392 induxit
528 4329 675 4393 Vettium
706 4350 920 4412 nequaquam
950 4330 1028 4392 ferri
1057 4340 1215 4412 possunt,
1253 4352 1330 4395 nam

211 4457 349 4521 latinum
375 4479 530 4522 essenon
556 4467 637 4541 puto
659 4459 716 4539 „in
742 4460 913 4525 universos
930 4459 1062 4524 induxit
1087 4459 1269 4541 quemdam
1295 4471 1331 4525 ut
