3254 5212
781 585 821 650 53

242 795 343 856 quam
369 777 401 836 in
427 776 466 836 iis
491 777 660 856 ingenium
685 775 884 837 exercuisse.
935 773 1012 836 Non
1038 776 1125 836 enim
1151 774 1185 836 hi
1211 774 1361 856 magistri

241 924 265 965 s
285 903 512 985 vicomagistri
531 925 548 964 e
567 902 665 984 plebe
690 903 851 983 cuiusque
868 902 1024 977 viciniae,
1051 901 1109 963 sed
1123 901 1284 982 cuiusque
1297 900 1361 962 vici

241 1030 446 1111 legebantur.
474 1030 594 1111 Neque
619 1029 749 1092 uicinia
775 1050 835 1111 pro
855 1027 949 1092 uicus
966 1028 1073 1109 accipi
1091 1027 1182 1104 licet,
1201 1027 1260 1089 sed
1277 1025 1361 1089 vici-

240 1157 298 1220 nia
335 1157 508 1219 collective
542 1177 602 1237 pro
636 1155 745 1218 vicini
773 1165 950 1237 usurpatur
978 1175 1043 1236 eg.
1073 1154 1165 1218 Suet.
1197 1153 1268 1218 Cal.
1301 1169 1359 1234 55,

239 1254 403 1366 nusquam
435 1304 514 1346 vero
549 1292 676 1345 certum
711 1283 801 1344 urbis
834 1282 980 1363 spatium
1017 1282 1101 1343 intra
1134 1271 1241 1344 certos
1278 1282 1360 1345 fines

237 1413 468 1489 terminatum,
509 1422 544 1474 ut
579 1421 655 1474 sunt
687 1409 838 1492 regiones
862 1419 894 1472 et
919 1409 990 1472 vici
1013 1409 1148 1472 indicat.
1168 1409 1282 1472 Etiam
1301 1411 1359 1473 vix

237 1539 465 1603 desideramus
503 1540 721 1616 mentionem,
763 1548 846 1620 quot
880 1539 1107 1620 vicomagistri
1144 1559 1187 1601 ex
1219 1538 1359 1620 singulis

235 1668 318 1758 vicis
356 1667 433 1748 eligi
467 1667 555 1729 soliti
590 1667 664 1728 sint.
715 1665 831 1746 Atque
869 1666 895 1728 is
928 1667 999 1747 ipse
1031 1686 1187 1729 numerus
1216 1666 1358 1730 librariis

236 1794 344 1856 fraudi
371 1795 471 1856 luisse
495 1794 645 1869 videtur,
672 1802 704 1854 et
729 1800 860 1854 textum
884 1791 1028 1853 vitiasse.

223 1957 227 1963 ·
282 1922 555 2003 Vicomagistri1)
589 1941 727 1983 numero
761 1928 917 2001 quattuor
950 1940 993 1980 ex
1027 1920 1130 2001 ipsius
1162 1921 1226 1982 vici
1258 1921 1356 2004 plebe

234 2050 442 2111 creabantur.
476 2049 624 2111 Primum
663 2050 762 2128 igitur
793 2048 921 2109 scribo:
955 2047 1013 2108 Iros
1036 2047 1203 2128 magistri
1225 2068 1242 2109 e
1258 2048 1357 2129 plebe

233 2178 390 2258 cur'usque
407 2177 486 2240 vici.
504 2229 509 2240 .
529 2228 533 2238 .
551 2228 556 2238 .
571 2201 585 2250 ,·
614 2184 790 2257 supersunt
815 2175 926 2237 adhuc
951 2175 1081 2237 litterae
1111 2196 1151 2236 nr
1165 2196 1215 2237 ae
1229 2175 1299 2237 lec
1314 2197 1330 2234 r
1345 2178 1353 2239 i

233 2305 300 2365 sive
334 2303 561 2379 nielecti,
597 2305 684 2365 unde
715 2311 844 2366 tantum
871 2323 935 2364 una
964 2302 1086 2365 lineola
1111 2302 1227 2365 addita
1256 2304 1354 2366 elicio

235 2432 488 2513 ....quaterni
518 2430 633 2507 electi,
665 2451 732 2512 quo
758 2431 869 2492 locum
895 2430 939 2490 ab
964 2431 1055 2491 omni
1080 2439 1174 2511 parte
1199 2438 1352 2492 sanatum

232 2579 303 2620 esse
339 2557 449 2621 cred0.
488 2558 544 2620 Ad
571 2558 679 2640 ipsam
704 2566 904 2620 structuram
929 2557 971 2619 cf.
998 2557 1085 2621 Gell.
1113 2559 1125 2619 l
1157 2573 1194 2620 12
1222 2560 1353 2639 „ponti-

232 2686 302 2748 ficis
317 2687 455 2748 maximi
469 2686 631 2749 arbitratu
645 2686 789 2766 virgines
802 2707 820 2746 e
834 2686 959 2767 populo
972 2685 1089 2766 viginti
1103 2685 1290 2767 leguntur''.
1306 2723 1350 2733 —

278 2815 325 2878 Ut
360 2815 424 2877 hoc
461 2815 535 2876 loco
573 2815 701 2876 numeri
737 2814 868 2894 signum
907 2835 966 2895 per
1002 2835 1146 2877 errorem
1184 2817 1216 2878 in
1252 2837 1350 2879 voea-

230 2944 345 3004 bulum
372 2943 473 3020 abiit,
501 2945 546 3005 ita
572 2964 615 3004 ex
640 2944 806 3006 contrario
831 2964 849 3004 e
870 2964 953 3006 voce
971 2964 1144 3006 numerum
1170 2943 1350 3008 effecerunt

229 3072 271 3132 in·
287 3069 491 3133 Suetoniana
516 3072 583 3132 vita
603 3069 757 3145 Terenti,
777 3080 813 3131 ut
830 3063 927 3132 acute
943 3069 1071 3132 detexit
1089 3071 1303 3136 Ritschelius.
1322 3073 1348 3154 2)

228 3193 316 3276 Ibi3)
351 3198 510 3260 traditum
544 3207 593 3260 est
628 3206 763 3280 poetam
793 3196 986 3259 redeuntem
1015 3217 1032 3258 e
1058 3197 1201 3260 Graecia
1224 3201 1348 3280 perisse

225 3345 298 3386 crem
337 3323 365 3388 C
390 3334 423 3385 et
464 3324 550 3388 VIII
565 3325 705 3408 fabulis
728 3324 895 3386 conversis
918 3345 939 3384 a
962 3325 1152 3386 Menandro
1193 3325 1293 3406 Quod
1319 3330 1345 3390 si

224 3472 338 3514 verum
364 3462 468 3528 esset,
495 3452 671 3514 Terentius
704 3453 815 3532 plures
850 3453 1024 3514 Menandri
1057 3453 1250 3515 comoedias
1274 3476 1346 3517 ver·
1375 3535 1377 3540 Ι

222 3582 332 3658 tisset,
378 3601 480 3661 quam
519 3581 573 3642 lric
609 3581 804 3660 scripsisset.
866 3579 979 3660 Quare
1013 3589 1102 3642 recte
1140 3580 1344 3645 Ritschelius

220 3708 407 3787 suspicatus
440 3715 490 3770 est
515 3706 571 3768 illo
597 3726 734 3768 numero
764 3705 793 3769 C
812 3715 845 3766 et
879 3703 966 3769 VIII
986 3726 1051 3768 non
1077 3708 1139 3769 nisi
1165 3710 1341 3789 repetitam

219 3853 338 3896 vocem
363 3855 437 3896 cum
464 3836 580 3897 inesse.

268 3961 376 4024 Simili
398 3965 526 4026 ratione
548 3962 617 4026 Cic.
639 3962 682 4023 de
707 3960 824 4025 Senec.
851 3964 869 4043 ᾗ
897 3979 934 4041 31
965 3983 1025 4043 pro
1050 3981 1127 4025 vera
1145 3962 1286 4025 lectione
1304 3974 1343 4026 ut

220 4087 376 4151 Nestoris
410 4091 441 4151 in
473 4088 647 4151 codicibus
680 4089 855 4152 Vossianis
880 4089 931 4170 (L.
958 4088 1014 4152 fol.
1046 4106 1083 4150 12
1111 4087 1131 4168 β
1156 4097 1189 4152 et
1214 4090 1257 4154 V.
1284 4106 1338 4174 79.

254 4317 273 4374 1)
309 4313 348 4363 Cf.
368 4314 487 4363 Willems
505 4315 533 4363 ll.
552 4332 576 4379 p.
596 4315 645 4377 508
664 4315 787 4378 locosque
806 4315 887 4363 abeo
906 4314 1031 4363 laudatos

254 4400 274 4454 2)
309 4397 369 4446 Vid.
388 4396 514 4446 Dziatzko
531 4397 614 4447 Praei,
632 4398 660 4446 in
678 4398 717 4446 ed.
736 4398 790 4446 eius
808 4396 979 4456 Terentiana,
998 4415 1022 4462 p.
1040 4398 1125 4448 XVII.

252 4479 274 4542 ³>
310 4483 435 4545 nszR·
456 4495 494 4544 14·
