3254 5212
813 513 856 578 30

317 703 404 769 CAP.
440 717 495 784 72.
545 699 763 784 Quamquam
797 700 935 765 demum
968 710 1045 784 post
1073 701 1190 765 Rothii
1215 667 1396 766 editionem

270 834 304 897 in
336 833 446 896 lucem
472 829 642 914 proditam
667 830 918 894 emendationes
943 831 1135 914 propositae
1158 839 1249 908 sunt,
1275 808 1403 913 quibus

271 959 544 1042 corruptissimus
567 977 607 1020 ac
632 957 723 1020 omni
748 978 845 1020 sensu
859 956 1047 1022 denudatus
1060 957 1152 1022 locus
1178 979 1218 1019 ac
1236 968 1302 1040 per
1325 979 1396 1020 am·

263 1087 364 1172 plius
387 1107 458 1170 eqs.
497 1122 541 1132 —
577 1085 613 1149 in
645 1084 728 1148 urbe
755 1085 924 1149 hiemaret
949 1086 1077 1168 optime
1101 1095 1254 1163 sanatur,
1283 1094 1395 1151 tamen

269 1217 381 1282 editor
412 1215 530 1278 debuit
560 1223 721 1278 annotare
754 1214 820 1278 iam
852 1223 980 1278 veteres
1013 1216 1167 1298 quamvis
1193 1215 1314 1278 frustra
1341 1213 1396 1277 hie

271 1344 439 1420 haesisse,
466 1343 524 1406 a'ut
548 1351 638 1404 certe
659 1361 767 1404 meras
793 1341 936 1424 ineptias
960 1340 1012 1404 his
1036 1341 1146 1405 verbis
1163 1341 1281 1405 inesse.
1306 1341 1395 1404 Nam

270 1490 307 1534 se
331 1469 457 1533 bonum
481 1488 615 1531 sensum
633 1467 711 1531 hinc
736 1467 889 1530 elicuisse
918 1468 1042 1531 nemini
1075 1466 1301 1549 persuadebit.
1327 1467 1395 1532 Ubi

272 1605 386 1661 autem
412 1596 506 1659 locus
522 1596 670 1674 laboret,
689 1597 870 1679 unicuique
883 1597 995 1660 statim
1017 1596 1154 1660 obvium
1175 1597 1246 1659 erit.
1262 1579 1396 1676 Augus-

275 1734 329 1790 tus
358 1743 418 1807 per
447 1744 552 1788 annos
577 1724 722 1806 amplius
747 1723 887 1786 XXXX
916 1723 1035 1786 eodem
1063 1723 1220 1785 cubiculo
1236 1731 1269 1785 et
1286 1721 1396 1786 hieme

272 1861 306 1918 et
333 1859 460 1915 aestate
494 1853 634 1929 mansit,
662 1852 816 1933 quamvis
842 1852 1048 1934 experiretur
1077 1851 1194 1913 urbem
1215 1850 1396 1913 valetudini

271 2000 352 2045 suae
393 2001 512 2044 nocere
553 1989 586 2044 et
625 1979 759 2044 assidue
792 1980 903 2043 hieme
935 1981 968 2043 in
1002 1981 1083 2043 urbe
1120 1979 1267 2061 degeret.
1306 1978 1395 2059 (nam

273 2107 361 2172 unde
393 2109 527 2191 petierit
562 2108 723 2171 Erasmus
756 2107 1017 2190 explicationem
1046 2106 1138 2169 verbi
1163 2104 1315 2168 hiemare
1338 2126 1396 2188 per

270 2233 393 2300 hiemis
425 2233 645 2298 incommodis
677 2233 792 2319 affligi
820 2235 960 2317 ignoro).
1006 2234 1139 2298 Eodem
1173 2233 1273 2314 igitur
1304 2234 1396 2296 cubi-

274 2362 350 2426 culo
376 2362 488 2426 hieme
513 2362 656 2439 mansit,
690 2362 844 2443 quamvis
869 2360 1002 2424 assidue
1039 2362 1072 2423 in
1109 2361 1191 2423 urbe
1215 2361 1393 2425 hiemaret!

272 2490 371 2554 Plura
384 2491 509 2556 addere
533 2490 678 2553 otiosum
698 2489 769 2552 erit.
809 2489 926 2571 Nuper
951 2489 1011 2552 viri
1029 2489 1213 2553 doctissimi
1238 2489 1396 2572 Mahlyus

273 2615 553 2700 <Phi1014a644>
579 2626 611 2679 et
629 2615 788 2679 Polakius
814 2615 859 2696 (ll.
875 2637 908 2698 p.
930 2616 985 2699 28)
1008 2615 1092 2678 haec
1105 2617 1148 2679 ad
1169 2616 1280 2680 locum
1297 2618 1396 2681 corri-

270 2745 418 2826 gendum
452 2765 677 2827 proposuere:
709 2744 763 2807 ille
788 2744 918 2808 mansit
941 2745 1137 2830 assidueque
1162 2746 1198 2809 iu
1223 2746 1304 2808 urbe
1327 2746 1394 2808 leie-

271 2873 404 2951 mauit‚
430 2872 586 2957 quaruuis
605 2859 731 2954 paream
756 2872 927 2935 salubrem
960 2872 1157 2936 valetudini
1178 2894 1258 2936 suae
1279 2873 1392 2936 urbem

272 2999 380 3065 hieme
409 2999 647 3084 experiretur,
681 2999 736 3063 hic
760 3020 839 3062 vero
871 3000 1000 3063 mansit
1023 3009 1056 3062 et
1086 3001 1242 3085 quamvis
1265 3013 1393 3084 parum

270 3128 440 3191 salubrem
465 3125 662 3191 ualetudini
675 3146 755 3189 suae
768 3127 881 3190 urbem
897 3127 1004 3191 hieme
1023 3129 1250 3206 experiretur,
1263 3129 1396 3192 assidue

271 3253 307 3316 ire
341 3254 422 3317 urbe
455 3252 632 3316 hiemavit.
682 3252 834 3335 Quarum
871 3254 1146 3318 emendationum
1183 3257 1327 3338 priorem
1361 3265 1396 3321 ut

273 3381 513 3465 simpliciorem
538 3381 650 3464 potius
675 3381 823 3463 recipere
847 3381 959 3445 velim.
986 3381 1176 3445 Verborum
1200 3381 1395 3468 assidueque

271 3527 341 3590 eqs.
371 3508 447 3570 loco
473 3515 602 3570 mutato
635 3527 770 3570 necesse
795 3506 857 3569 suit
882 3508 983 3570 etiam
1016 3508 1184 3573 hiemavit
1216 3512 1335 3575 mutari
1362 3512 1393 3573 in

269 3632 447 3716 hiemaret,

318 3887 404 3953 CAP.
436 3903 491 3970 73.
541 3889 724 3971 Postquam
757 3887 800 3951 de
838 3889 1055 3954 instrumento
1092 3900 1125 3955 et
1160 3891 1392 3976 suppellectile

268 4017 428 4101 principis
453 4017 521 4100 egit
546 4016 743 4095 Suetonius,
769 4019 928 4081 nonnulla
953 4019 1055 4083 tradit
1073 4019 1122 4082 ‘de
1145 4022 1294 4084 vestibus
1319 4023 1391 4103 qui·

271 4147 332 4210 bus
363 4144 487 4210 Caesar
519 4167 597 4210 usus
631 4154 698 4223 est,
728 4167 870 4228 quarum
896 4147 964 4210 duo
989 4169 1111 4230 genera
1137 4148 1307 4214 distinxit:
1333 4151 1392 4213 do-

270 4274 408 4338 mestica
432 4275 631 4338 vestimenta
656 4285 689 4338 et
714 4275 867 4338 forensia.
895 4277 1012 4358 ltaque
1038 4296 1114 4340 cum
1140 4276 1286 4341 Graevio
1307 4277 1391 4340 Tor-

268 4403 375 4467 rentio
401 4404 433 4466 in
457 4404 568 4468 verbis
593 4424 657 4468 aare
676 4412 799 4468 temere
823 4405 897 4469 alia
922 4427 1022 4490 quma
1048 4404 1231 4470 domestica
1249 4427 1327 4470 usus
1342 4417 1391 4470 est
