3254 5212
798 474 840 551 38

253 683 432 747 voluntate
465 701 525 766 pro
550 681 680 764 vulgari
706 681 891 746 voluntati.
937 680 1005 744 Sed
1031 681 1063 744 in
1089 681 1184 745 Leid.
1216 681 1230 742 I
1256 681 1379 744 inveni-

253 822 307 877 tur
341 811 551 888 voluntatz'S,
590 809 679 873 unde
715 809 827 893 potius
863 809 976 872 elicias
1011 807 1264 887 voluntatibus,
1302 830 1378 873 cum

254 941 451 1025 praesertim
489 940 521 1002 in
558 938 793 1021 Oudendorpii
826 937 999 1001 codicibus
1024 957 1089 1000 non
1115 937 1298 1020 ntum'czpii
1320 939 1378 1002 sed

253 1069 381 1132 civium
408 1077 571 1132 occurrat.
622 1065 794 1149 Quicquid
819 1066 861 1129 de
887 1067 926 1129 iis
952 1065 1151 1129 lectionibus
1176 1087 1310 1144 censes,
1335 1066 1378 1129 ad

254 1197 536 1260 constructionem
569 1195 612 1259 de
645 1216 713 1278 qua
745 1197 876 1276 agimus
901 1194 1147 1258 defendendam
1172 1195 1264 1258 locus
1289 1196 1379 1279 apud

254 1323 434 1388 Caesarem
468 1333 584 1408 utpote
618 1323 888 1406 corruptissimus
916 1323 1046 1386 laudari
1080 1325 1215 1386 omnino
1252 1326 1377 1407 nequit.

252 1453 375 1535 Neque
410 1473 490 1515 vero
527 1451 618 1533 apud
656 1452 772 1515 Front.
811 1453 825 1514 l
863 1453 915 1530 8.5
957 1450 1000 1513 de
1035 1451 1176 1515 lectione
1201 1453 1380 1534 paucitate

252 1579 407 1665 diffidens
435 1580 517 1643 satis
553 1587 694 1644 constat.
744 1580 901 1660 Denique
938 1577 1034 1643 Caes.
1072 1577 1151 1642 BC.
1189 1580 1247 1644 111.
1277 1596 1320 1661 97
1347 1590 1379 1645 et

254 1709 338 1773 Tac.
365 1709 452 1772 Hist.
479 1708 519 1770 ΙΙ.
553 1724 593 1788 23
621 1716 710 1771 recte
746 1707 806 1769 viri
840 1707 931 1770 docti
956 1727 999 1770 ex
1025 1707 1121 1769 bonis
1146 1710 1379 1792 manuscriptis

254 1837 404 1900 dativum
442 1843 731 1897 conservaverunt.
792 1833 1008 1916 Quapropter
1041 1854 1161 1897 censeo
1201 1845 1234 1898 et
1267 1847 1379 1901 nostro

255 1962 465 2026 reddendum
490 1963 641 2026 dativum
667 1962 843 2027 occasioni.
890 1963 1046 2025 Fortasse
1076 1963 1230 2025 librarius
1258 1964 1379 2046 aliquis

254 2091 394 2155 verbum
420 2090 589 2154 occasioni
611 2111 677 2154 non
710 2112 787 2154 cum
820 2092 998 2175 participio
1023 2091 1152 2175 diffisus
1176 2092 1379 2176 coniungens

255 2219 400 2283 correxit
425 2219 459 2281 in
483 2219 662 2282 occasione.

302 2473 385 2557 Cap.
417 2490 468 2537 11.
521 2472 645 2537 Omnia
663 2473 728 2535 hoc
753 2473 828 2535 loco
853 2471 921 2537 ἄνω
943 2484 1100 2555 ποταμῶν.
1123 2476 1226 2541 Anno
1243 2479 1283 2560 65
1305 2490 1381 2545 ante

255 2600 293 2664 C.
313 2599 453 2664 Crassus
471 2621 531 2683 per
547 2601 699 2664 tribunos
724 2604 915 2685 temptavit,
938 2614 974 2666 ut
992 2603 1127 2669 Caesari
1152 2609 1381 2672 extraordina-

254 2749 340 2810 rium
354 2749 535 2829 'imperium
553 2746 688 2809 daretur
705 2746 878 2829 redigendi
896 2750 928 2812 in
946 2750 1087 2813 formam
1106 2755 1296 2835 provinciae
1313 2756 1381 2818 Ae-

254 2884 416 2957 gyptum,
443 2894 546 2956 quam
564 2895 606 2936 ex
624 2884 824 2938 testamento
842 2877 929 2958 regis
947 2877 1135 2942 Alexandri
1153 2882 1299 2945 Romani
1316 2884 1379 2946 sibi

253 3000 470 3064 vindicabant
482 3003 515 3083 1).
543 3037 586 3047 -
614 3001 715 3084 Quod
741 3001 901 3066 Suetonio
919 3015 1055 3067 auctore
1080 3007 1151 3088 ipse
1173 3008 1297 3073 Caesar
1322 3032 1380 3093 per

256 3139 385 3212 partem
407 3130 616 3193 tribunorum
642 3131 707 3193 hoc
731 3133 926 3213 temptavit,
954 3134 1020 3195 iam
1047 3145 1159 3198 nostra
1177 3142 1243 3200 nori
1270 3140 1378 3204 refert.

255 3256 323 3322 Sed
348 3258 482 3339 gravius
507 3267 574 3335 est,
610 3257 702 3340 quod
728 3257 950 3322 Alexandrini
976 3271 1055 3324 tunc
1080 3267 1240 3347 temporis
1266 3289 1378 3349 regem

256 3407 353 3449 suum
378 3386 527 3448 nondum
565 3385 765 3468 expulerant
802 3386 891 3468 (nam
918 3388 1009 3469 quod
1036 3389 1192 3456 Momms.
1219 3393 1308 3458 R.G.
1334 3396 1380 3458 III

260 3529 323 3610 1177
357 3513 429 3576 sine
461 3513 565 3575 dubio
595 3533 638 3575 ex
663 3514 727 3576 hoc
753 3515 828 3576 loco
853 3517 1086 3598 expulsionem
1111 3504 1199 3600 regis
1228 3541 1268 3584 eo
1294 3544 1380 3585 anno

256 3642 381 3706 factam
406 3650 666 3718 commemorat,
692 3642 757 3705 hoc
783 3645 854 3725 ipse
880 3645 912 3706 in
930 3643 1146 3709 adnotatione
1164 3649 1210 3710 ibi
1229 3650 1379 3732 refutat),

257 3769 315 3832 sed
342 3770 479 3833 demum
504 3789 591 3832 anno
618 3772 659 3849 58
686 3779 763 3833 ante
789 3771 826 3834 C.
853 3771 1000 3834 Auletcn
1026 3784 1192 3837 extorrem
1211 3776 1378 3856 lecerunt,

257 3905 438 3979 postquam
463 3897 610 3959 Romani
627 3918 714 3959 anno
742 3912 784 3981 59
809 3898 937 3960 socium
964 3910 1065 3981 atque
1091 3903 1238 3965 amicum
1262 3905 1379 3987 populi

258 4024 404 4087 Romani
422 4044 498 4087 eum
516 4025 761 4107 proclamantes
778 4047 892 4108 regem
914 4027 1067 4111 Aegypti
1085 4050 1261 4112 agnovere.
1287 4033 1379 4098 Ante

294 4413 314 4471 ¹)
349 4409 413 4459 Ihne
431 4408 496 4458 R.G.
515 4409 560 4458 VI.
579 4419 636 4472 227.
672 4410 762 4475 Lange
780 4411 811 4460 R.
830 4409 884 4461 Alt.
904 4412 951 4461 III.
972 4412 1029 4464 228.
