3254 5212
799 549 843 614 70
862 513 864 516 ’

782 770 854 835 1111.
928 847 953 870 ,Ι

313 991 405 1056 Suet.
432 991 474 1055 de
498 1011 639 1074 gramm.
666 990 698 1056 6.
724 991 903 1074 legendum
928 1001 995 1054 est:
1045 991 1177 1071 „Huius
1193 1013 1380 1076 cognomen

262 1122 296 1184 in
333 1121 503 1205 plerisque
540 1121 705 1185 indicibus
742 1131 776 1186 et
810 1122 915 1186 titulis
951 1142 1010 1205 per
1042 1143 1142 1185 unam
1175 1123 1192 1187 l
1219 1125 1380 1207 scriptum

260 1250 509 1331 animadvert0,
534 1271 650 1317 verum
676 1253 748 1335 ipse
773 1249 807 1314 id
831 1271 892 1333 per
916 1248 1000 1318 duas
1025 1248 1155 1338 effertss'„

793 1470 836 1535 V.

350 1672 453 1755 Verg.
495 1673 582 1738 Aen.
621 1674 668 1736 III
706 1671 770 1756 567
807 1671 986 1756 legendum
1023 1681 1090 1737 est:

350 1885 442 1967 „Ter
478 1909 633 1971 spumam
658 1889 774 1952 elisam
800 1888 843 1952 ad
868 1888 1014 1953 rorantia
1037 1887 1182 1951 vidimus
1207 1887 1329 1954 astra.”

784 2109 843 2173 VI.

232 2390 234 2394 .
301 2331 507 2394 Praenomen
539 2331 683 2396 Petronii
716 2330 845 2395 Arbitri
871 2350 936 2393 non
962 2338 1013 2394 est
1040 2328 1145 2393 Gaius
1168 2330 1227 2394 sed
1258 2331 1289 2394 T
1285 2330 1372 2408 itur,

256 2459 370 2539 itaque
394 2457 644 2522 assentiendum
670 2466 720 2523 est
744 2458 965 2541 Nipperdeyo
990 2458 1072 2522 Tac.
1099 2458 1188 2523 Ann.
1215 2459 1310 2523 XVI.
1333 2475 1372 2540 17

253 2584 398 2648 litteram
430 2585 461 2648 T
479 2585 633 2662 addenti,
660 2606 712 2666 cp.
744 2586 782 2648 18
810 2593 922 2649 autem
948 2583 1092 2649 litteram
1114 2583 1143 2650 C
1155 2578 1371 2667 expungenti.

773 2803 848 2867 VII.

299 2987 377 3053 Sen.
403 2988 588 3053 “Phaedrae
623 3003 691 3070 452
730 2990 821 3072 lege:

776 3185 937 3267 „Propria
963 3184 1140 3268 descripsit
1162 3187 1255 3252 Deus

251 3378 372 3479 ΟέῆοίειἋ
404 3387 437 3445 et
473 3399 593 3444 aevum
624 3400 684 3461 per
708 3361 795 3444 suos¹
811 3378 899 3442 rexit
923 3378 1080 3461 gradus”.

766 3582 856 3646 VIII.

298 3768 375 3834 Sen.
402 3767 503 3832 Herc.
530 3768 590 3833 fur.
620 3782 682 3850 353
712 3768 802 3851 lege:

298 3895 388 3978 „Ars
413 3896 522 3978 prima
544 3875 639 3978 regni
665 3905 716 3961 est
739 3866 838 3980 pdsse
862 3895 1001 3960 livorem
1026 3897 1130 3980 pati”.

755 4115 862 4182 V1111.

294 4320 379 4386 Aur.
406 4315 495 4386 vict,
524 4322 616 4404 Epit.
644 4320 750 4388 VIIII.
785 4336 821 4403 15
849 4321 1003 4404 vigilare
1019 4322 1253 4404 corrigendum
1266 4332 1316 4390 est
1336 4327 1368 4389 in

247 4448 426 4533 evigilare.
