3254 5212
819 486 862 550 26

275 688 379 752 verba
414 689 622 755 confirmant.
657 727 701 736 -
737 690 852 754 Verba
892 692 993 774 igitur
1027 692 1113 756 sicut
1148 712 1235 754 nunc
1275 689 1396 754 tradita

277 825 353 881 sunt
376 805 522 899 grauiter
544 819 661 882 vitiata
677 838 750 882 esse
776 829 859 902 puto
876 829 977 903 atque
1003 820 1087 883 haec
1112 820 1180 882 fere
1205 840 1225 882 a
1246 819 1395 883 Suetonii

277 965 376 1008 manu
402 945 553 1028 profecta
586 966 658 1008 esse
684 947 766 1009 mihi
801 967 996 1029 persuasum
1030 958 1090 1013 est.
1139 949 1300 1031 Proponit
1325 946 1395 1009 Au·

276 1081 411 1155 gustum
437 1074 598 1158 plurimas
631 1074 749 1152 horaS,
774 1076 827 1139 vel
852 1085 941 1140 totos
975 1076 1046 1140 dies
1071 1078 1270 1160 spectaculis
1300 1077 1397 1139 inter-

277 1222 349 1266 esse
380 1203 516 1267 solitum
548 1223 634 1280 esse,
670 1223 730 1266 nec
756 1203 832 1266 inde
868 1204 991 1268 afuisse
1023 1205 1085 1266 nisi
1111 1205 1215 1288 petita
1243 1204 1339 1279 venia
1364 1213 1397 1266 et

277 1330 431 1394 indicatis
460 1332 517 1413 qui
542 1352 637 1395 suam
661 1333 769 1395 vicem
797 1332 1021 1413 fungerentur.
1072 1331 1248 1395 Subnectit
1276 1331 1397 1394 deinde

276 1458 534 1541 descriptionem
559 1458 731 1542 quomodo
755 1469 906 1542 spectare
931 1460 1062 1523 soleret.
1097 1460 1281 1542 Vulgatam
1299 1459 1397 1542 igitur

275 1594 370 1650 tueor
394 1596 427 1651 et
451 1597 528 1670 post
551 1587 691 1664 aderat,
718 1587 858 1650 lacunae
882 1587 1013 1668 signum
1038 1607 1184 1668 appono.

322 1839 408 1906 CAP.
418 1859 474 1923 49.
506 1841 571 1904 Hic
597 1851 633 1906 ut
657 1862 789 1924 semper
813 1841 881 1904 fere
902 1842 1028 1904 librarii
1050 1842 1256 1927 nescierunt,
1283 1850 1393 1905 utrum

273 1968 338 2031 sibi
354 1969 567 2033 scribendum
592 1979 679 2035 esset
694 1979 841 2034 ceterum
868 1991 910 2034 an
927 1980 1075 2048 certum,
1103 1991 1121 2033 e
1148 1971 1271 2053 quibus
1296 1969 1396 2032 miror

272 2097 437 2160 Rothium
462 2098 607 2179 priorem
631 2119 749 2162 vocem
782 2100 876 2164 alteri
903 2099 1109 2182 praetulisse.
1160 2098 1249 2161 Nam
1275 2097 1390 2179 procul

271 2225 375 2287 dubio
410 2235 540 2288 certum
577 2247 754 2290 numerum
780 2228 928 2309 recipere
962 2226 1119 2291 debebat.
1170 2226 1223 2288 Ne
1248 2235 1394 2290 ceterum

274 2355 412 2436 quidem
446 2376 621 2420 numerum
655 2358 688 2419 in
723 2357 813 2419 urbis
846 2357 965 2437 suique
998 2355 1185 2419 custodiam
1210 2356 1395 2420 adhibebat

277 2482 452 2565 Augustus
476 2484 553 2561 sed,
592 2494 628 2549 ut
656 2485 726 2567 ipse
763 2483 942 2547 Suetonius
979 2494 1130 2560 enarrat,
1169 2493 1299 2548 tanturn
1331 2492 1396 2547 tres

277 2610 431 2675 cohortes
456 2612 488 2674 in
514 2613 596 2675 urbe
620 2633 692 2676 esse
717 2633 833 2695 passus
858 2622 925 2689 est,
953 2613 1010 2694 qui
1035 2633 1191 2674 numerus
1208 2621 1258 2676 est
1274 2621 1394 2675 certus.

323 2739 500 2803 Difficilior
536 2750 649 2803 autem
686 2752 735 2804 est
770 2762 822 2804 res
858 2743 890 2804 in
928 2741 994 2804 fine
1030 2742 1172 2823 capitis,
1203 2741 1260 2803 ubi
1285 2740 1395 2803 denuo

276 2869 383 2932 oratio
416 2869 532 2933 haeret
555 2870 588 2931 in
612 2868 753 2932 salebra.
774 2948 777 2957 1
803 2869 895 2952 Quid
920 2869 1008 2933 enim
1041 2870 1105 2933 sibi
1133 2869 1235 2933 velint
1260 2871 1393 2932 iuvenes

276 2995 379 3076 quia
403 2995 478 3058 loco
505 2995 674 3078 perferunt
698 2995 823 3060 litteras
848 2996 947 3078 plane
973 3017 1026 3059 me
1054 2997 1155 3078 fugit,
1182 3015 1390 3078 quamquam

275 3123 377 3186 totius
412 3123 476 3186 loci
519 3145 634 3188 sensus
670 3126 865 3208 perspicuus
906 3134 965 3188 est.
1027 3124 1202 3206 Augustus
1247 3125 1391 3206 primum

276 3249 409 3313 iuvenes
434 3253 532 3316 certis
557 3248 638 3314 locis
663 3252 848 3334 disposuit,
875 3273 1018 3334 quorum
1043 3252 1126 3314 alter
1151 3251 1244 3316 alteri
1270 3252 1395 3314 litteras

275 3381 502 3464 diplomatave
528 3379 724 3462 perferenda
748 3379 904 3444 traderet.
943 3379 1026 3442 Mox
1049 3400 1128 3443 vero
1147 3381 1289 3461 magise
1314 3400 1348 3441 re
1365 3379 1395 3440 ei

273 3509 382 3572 visum
407 3517 458 3570 est
483 3527 582 3570 unam
616 3508 826 3590 eandemque
859 3528 1037 3590 personam
1067 3509 1217 3571 nuntiata
1250 3507 1394 3589 perferre

274 3637 373 3700 certis
389 3637 589 3700 stationibus
613 3635 767 3699 vehiculo
790 3644 940 3712 mutat0,
963 3645 999 3699 ut
1015 3636 1042 3698 si
1068 3635 1150 3717 quid
1175 3657 1227 3698 res
1246 3636 1395 3717 exigeret

274 3765 317 3829 de
335 3765 415 3847 ipsis
439 3765 537 3827 rebus
562 3764 664 3846 gestis
690 3765 884 3845 interrogari
908 3773 1031 3846 posset.
1069 3764 1270 3828 Rectissime
1295 3765 1394 3846 igitur

274 3894 484 3957 Burmannus
500 3914 521 3954 a
539 3893 608 3955 loco
625 3892 707 3955 dicit
720 3892 908 3973 significare
928 3892 1051 3954 debere
1068 3912 1087 3953 a
1104 3890 1179 3953 loco
1197 3892 1243 3952 rei
1261 3901 1390 3973 gestae,

274 4021 365 4103 quod
390 4031 502 4084 tamen
519 4020 648 4084 traditis
672 4020 782 4082 verbis
800 4018 890 4081 nullo
916 4019 1018 4082 modo
1037 4020 1144 4082 inesse
1161 4028 1282 4101 potest.
1318 4019 1389 4081 Nec

273 4148 432 4230 languido
456 4149 514 4210 illo
540 4147 674 4210 Graevii
700 4146 890 4210 Casauboni
915 4145 1074 4208 alicunde
1106 4146 1290 4228 quicquam
1316 4166 1392 4227 pro-

273 4276 422 4352 ficimuS,
449 4275 528 4357 quia
553 4274 655 4338 etiam
685 4274 818 4337 iuvenes
844 4272 906 4351 illi,
928 4273 971 4336 de
996 4274 1119 4356 quibus
1144 4273 1253 4357 primo
1278 4293 1388 4336 sermo

273 4404 352 4482 fuit,
393 4401 548 4466 alicunde
588 4402 722 4466 nuntios
761 4401 983 4484 perferebant.
1033 4399 1125 4484 Quid
1158 4401 1190 4464 in
1229 4400 1392 4484 corruptis
