3254 5212
711 562 887 613 '21.

251 754 428 818 lectionem
462 791 506 800 -
542 753 579 816 in
611 753 787 816 volucrum
812 753 896 837 fore
920 761 1122 836 potestatem
1148 753 1375 836 praetulerim.

253 881 351 944 Hanc
383 882 490 964 ipsam
523 864 804 944 constructionem
834 880 889 964 (de
914 901 982 963 qua
1007 881 1049 944 cf.
1075 874 1216 965 praeter
1231 882 1375 964 interpp.

254 1009 296 1072 ad
329 1009 362 1072 h.
397 1006 481 1072 let
506 999 699 1071 Ernestium
724 1007 766 1070 ad
793 1007 885 1089 Aug.
913 1006 958 1069 ¹16
988 1003 1156 1090 imprimis*
1177 1007 1264 1070 Gell.
1282 1008 1315 1070 ¹1:
1342 1006 1375 1089 7)

253 1157 388 1200 causam
420 1137 570 1200 mutandi
599 1139 743 1200 librariis
769 1138 872 1200 luisse
889 1137 935 1199 'in
961 1143 1119 1219 promptu
1145 1143 1205 1199 est.
1256 1135 1384 1217 Neque

252 1266 388 1327 omnino
422 1265 577 1328 Ernestio
603 1242 852 1330 assentiendum
878 1286 949 1329 esse
974 1265 1061 1327 duco
1087 1265 1173 1326 hanc
1198 1262 1377 1326 lectionem

252 1393 446 1474 ceteroquin
478 1395 657 1476 probatam
683 1394 759 1457 ideo
786 1416 851 1457 non
877 1393 1069 1477 recipienti,
1096 1390 1187 1474 quod
1214 1392 1246 1454 in
1271 1391 1378 1454 Mem-

253 1520 365 1584 miano
398 1540 464 1584 non
498 1531 702 1605 compareat.
753 1523 842 1585 Nam
875 1523 977 1586 etiam
1011 1523 1043 1584 in
1076 1521 1195 1584 ceteris
1223 1519 1375 1583 Suetonii

252 1650 441 1744 codicibus,
469 1660 506 1714 ut
529 1672 572 1714 ex
598 1652 637 1713 iis
662 1672 749 1732 quae
775 1651 841 1713 iam
867 1650 990 1733 protuli
1011 1670 1167 1731 quaeque
1184 1650 1374 1733 prolaturus

252 1797 325 1839 sum
359 1779 553 1859 apparebit,
588 1778 712 1840 multae
737 1755 873 1859 eaeque·
890 1778 1041 1859 optimae
1066 1776 1226 1839 lectiones
1252 1776 1377 1839 inv'eni·

252 1914 351 1968 untur
384 1906 501 1967 iniuria
534 1926 554 1968 a
586 1905 714 1969 Rothio
749 1925 829 1987 prae
855 1904 1069 1966 Memmianis
1094 1909 1241 1986 spretae,
1268 1909 1377 1986 neque

252 2033 388 2094 omnino
405 2041 545 2109 constat,
565 2033 623 2114 qui
642 2034 821 2115 praecipue
839 2030 973 2094 codices
983 2033 1020 2115 ‚in
1034 2041 1127 2095 textu
1142 2032 1376 2096 constituendo

253 2161 349 2223 nobis
374 2160 536 2242 sequendi
562 2161 636 2224 sint.

300 2288 507 2351 Memmiano
533 2288 698 2351 accedunt
718 2286 842 2352 Medic.
878 2304 906 2352 1.
938 2288 1024 2351 Exc.
1055 2287 1153 2351 Voss.
1172 2269 1299 2352 'Cuiacss
1330 2268 1392 2336 -⁸'

298 2415 389 2480 Med.
425 2434 454 2497 3.
506 2415 723 2498 iit-potestate
755 2393 858 2478 habet
868 2436 875 2492 ;
910 2395 1059 2479 Vindob.
1095 2415 1184 2497 (cum
1214 2415 1299 2500 aliis)
1325 2416 1376 2480 irr-

243 2539 465 2625 potesta'te'm,
487 2565 588 2627 quem
606 2518 727 2606 librum
746 2543 822 2606 idco
840 2532 1024 2628 nominavi,
1043 2543 1135 2626 quod
1154 2544 1236 2606 mihi
1255 2543 1376 2609 multas

250 2673 436 2754 exquisitas
470 2673 628 2735 lectiones
661 2669 830 2735 continere
862 2669 1003 2734 videtur.
1037 2672 1079 2734 cf.
1114 2671 1157 2734 a'd
1188 2671 1284 2735 Caes.
1320 2689 1389 2754 29.·

250 2799 318 2883 (Sic
344 2800 435 2882 Aug.
468 2819 502 2863 11
532 2801 623 2864 solus
647 2802 787 2883 praebet
812 2799 978 2863 rit-victor
1004 2809 1073 2862 tres
1097 2797 1267 2863 exercitus
1283 2821 1376 2863 occu·

243 2938 349 3010 paret
381 2912 615 2991 confirmatum
653 2929 697 2990 ab
734 2929 899 3009 Eutropio
936 2926 1010 2991 VII.
1042 2933 1101 3006 ·1.',
1128 2966 1173 2975 -
1195 2926 1241 2992 cf.
1268 2927 1372 3012 praef.

250 3056 348 3118 huius
373 3056 545 3139 opusculi,
572 3078 605 3138 p.
635 3055 678 3137 3.)

296 3183 427 3246 Eadem
453 3183 706 3246 ratiocinatione
727 3182 847 3245 ductus
865 3181 1084 3244 Casaubonus
1103 3181 1134 3243 in
1149 3182 1243 3263 Aug.
1263 3183 1373 3264 capite

254 3310 293 3372 16
319 3331 362 3372 ex
387 3310 485 3373 codd.
513 3311 642 3374 Viterb.
670 3310 784 3374 Cuiac.
804 3311 953 3393 reposuit
970 3309 1230 3391 inconspectum
1247 3309 1372 3388 fuz'sse,

249 3459 350 3520 quam
388 3437 565 3500 lectionem
602 3438 801 3500 confirmant
836 3437 928 3502 Med.
968 3456 995 3501 1.
1033 3456 1062 3518 3.
1089 3435 1166 3500 curn
1191 3437 1369 3501 Politiano‘.

249 3564 444 3628 Memmiani
476 3565 575 3627 lectio
608 3564 733 3626 venisse
770 3565 853 3626 nihil
887 3575 947 3627 est·
970 3565 1033 3627 nisi
1066 3565 1257 3650 explicatio
1278 3553 1372 3627 uerlli

239 3692 361 3775 fuisse.
388 3693 429 3756 cf.
458 3693 555 3756 Gosr.
581 3712 723 3773 gramm.
750 3671 807 3756 lat.
835 3695 853 3774 §
880 3710 958 3774 334.
984 3711 1017 3771 4.

295 3945 380 4009 CAP.
412 3962 462 4028 17.
512 3945 721 4009 Annotatam
747 3947 878 4009 invenio
904 3926 1303 4009 Memmiani'lectionem
1325 3946 1375 4008 ad

247 4071 416 4134 desideria
452 4071 626 4149 rnilitum,
665 4093 745 4134 sane
781 4072 919 4153 dignam
956 4092 1045 4152 quae
1078 4081 1369 4137 commemoretur.

248 4200 336 4262 Nam
371 4201 403 4262 in
432 4199 591 4262 Palatinis
624 4199 754 4264 Viterb.
783 4200 873 4262 Med.
903 4217 920 4261 2
948 4198 1097 4262 Vindob.
1126 4216 1143 4260 2
1171 4197 1317 4261 traditur
1336 4209 1371 4260 et
1462 4186 1465 4192 ¹

246 4326 434 4404 desideria,
474 4326 562 4389 unde
596 4347 662 4389 non
699 4347 776 4389 cum
811 4326 1053 4408 Oudendorpio
1079 4325 1290 4388 efficiendum
1320 4338 1371 4391 est

245 4477 284 4518 ea
317 4454 505 4535 desideria,
539 4455 598 4519 sed
631 4455 723 4538 quod
758 4455 971 4519 manifestum
1003 4454 1101 4518 nobis
1132 4453 1293 4517 indicium
1320 4465 1371 4520 est
