3254 5212
787 503 827 568 52

238 691 292 754 De
325 691 600 756 annominatione
634 691 1007 776 opprobrie-preprium
1046 695 1087 758 cs.
1127 694 1257 759 Gosrau
1292 697 1326 761 ll.
1353 701 1372 779 §

242 833 320 904 5044.
348 858 391 868 -
409 821 538 908 Baehr.
567 818 609 882 ad
636 818 708 882 Cat.
737 820 780 882 X.
810 837 863 899 23.
890 820 1005 901 Quint.
1031 820 1138 886 VIIII.
1168 841 1197 902 3.
1225 824 1269 886 66
1294 847 1369 908 sqq.

284 1077 371 1143 (ΠΛΡ.
399 1093 454 1158 27.
495 1077 614 1139 Tentis
638 1076 830 1139 conterruit
854 1076 958 1139 minis
981 1078 1120 1140 tradidit
1144 1078 1369 1142 Memmianus

237 1225 314 1269 cum
347 1205 535 1288 plerisque,
569 1204 670 1266 Periz.
696 1203 884 1280 atterruit,
914 1204 971 1265 alii
996 1205 1141 1286 denique
1158 1208 1368 1288 perterruit,

236 1333 273 1394 In
303 1331 470 1394 nonnullis
499 1329 670 1394 atterruit
695 1339 730 1393 ut
756 1331 912 1393 vitiosum
947 1330 1073 1393 scilicet
1107 1340 1293 1394 correctum
1319 1344 1369 1398 est

235 1461 267 1522 in
289 1460 449 1523 atteruit.
489 1461 645 1523 Fortasse
671 1460 754 1522 haec
773 1461 844 1540 ipsa
871 1461 1091 1522 inconstantia
1119 1460 1150 1520 in
1174 1461 1279 1523 verbo
1297 1470 1365 1524 tam

235 1595 314 1649 noto
349 1585 509 1648 indicium
535 1595 585 1648 est
610 1587 642 1646 in
667 1585 852 1665 archetypo
878 1585 978 1647 fuisse
1009 1584 1152 1662 terruit,
1188 1586 1240 1647 cui
1276 1607 1366 1651 com-

233 1715 381 1794 positum
405 1713 545 1776 verbum
568 1711 791 1792 praeferentes
809 1711 893 1772 alius
911 1711 1001 1773 aliud
1020 1713 1051 1772 in
1069 1720 1199 1774 textum
1228 1717 1363 1797 recepit.

232 1839 285 1901 De
317 1840 420 1901 verbo
451 1838 595 1919 simplici
629 1859 689 1920 pro
722 1839 909 1919 composito
940 1837 1095 1903 adhibito
1139 1840 1180 1904 ef.
1216 1803 1380 1923 Draeger'

236 1965 271 2031 S.
289 1989 330 2034 u.
356 1965 419 2030 Stil
445 1966 505 2029 des
529 1966 612 2029 Tac.
640 1987 672 2047 p.
699 1987 730 2050 9.

284 2221 370 2285 CAP.
389 2239 442 2305 29.
469 2223 507 2284 ln
522 2221 773 2283 enumeratione
793 2241 922 2298 eorum,
937 2222 999 2283 sub
1017 2242 1159 2303 quorum
1173 2225 1361 2288 nominibus

238 2371 342 2433 opera
354 2350 557 2413 exstruenda
570 2351 698 2412 curavit
710 2349 901 2430 AugustuS,
920 2370 1018 2430 aegre
1031 2352 1258 2415 desideramus
1272 2374 1362 2416 men-

231 2479 356 2540 tionem
382 2479 494 2558 generi
521 2477 688 2552 Marcelli,
723 2496 799 2537 cum
825 2465 960 2539 ndmina
986 2478 1074 2541 edita
1102 2481 1133 2541 in
1158 2482 1263 2544 altera
1288 2503 1360 2544 sen-

237 2605 360 2666 tentiae
379 2613 473 2684 parte
499 2624 564 2665 non
581 2603 805 2684 respondeant
831 2604 887 2679 iis,
914 2625 1001 2685 quae
1019 2606 1231 2688 praecedant.
1259 2599 1375 2690 Quod

233 2751 313 2792 sane
351 2751 411 2812 pro
431 2734 604 2792 'accurato
641 2729 792 2791 Suetonii
827 2729 960 2792 dicendi
999 2752 1119 2812 genere
1157 2753 1359 2816 magnopere

234 2857 423 2920 mirandum
444 2855 519 2920 est.
579 2857 695 2938 Atque
732 2857 873 2936 vestigia
903 2866 1035 2919 exstare
1064 2858 1217 2920 videntur
1247 2863 1358 2923 mendi

232 2987 383 3050 alieuius.
418 2986 508 3049 Nam
526 2986 685 3067 copulam
711 2984 796 3047 alius
818 2985 885 3047 alio
911 2985 985 3047 loco
1003 2986 1112 3048 codex
1130 2989 1242 3069 ponit,
1269 2989 1358 3052 velut

230 3117 375 3180 Medicei
406 3134 432 3178 1.
460 3133 489 3196 3.
516 3135 555 3176 ac
579 3114 708 3177 sororis
732 3112 918 3189 tradidere,
936 3113 1038 3196 vulgo
1062 3115 1253 3197 sororisque
1278 3117 1357 3198 legi-

231 3250 294 3319 tur,
321 3244 546 3305 Memmianus
564 3243 690 3312 nudum
717 3242 844 3304 sororis
869 3241 1017 3304 exhibet.
1057 3242 1157 3305 Unde
1174 3244 1358 3307 clarissime

231 3379 324 3452 patet
350 3369 502 3433 Suetonii
527 3371 629 3433 verba
655 3369 755 3431 fuisse
781 3367 900 3429 rixeris
924 3389 962 3429 ac
987 3369 1115 3430 sororis
1134 3372 1327 3453 generique.

278 3496 335 3559 Ad
362 3496 610 3578 polysyndeton
637 3497 677 3558 cl.
706 3495 787 3558 Tac.
815 3495 904 3559 Ann.
932 3496 957 3558 Ι.
989 3513 1015 3558 1.
1047 3495 1198 3574 „Tiberii
1225 3497 1356 3579 Gaique

231 3633 264 3688 et
298 3623 430 3687 Claudii
456 3643 495 3685 ac
521 3623 665 3685 Neronis
690 3621 774 3685 res’'.
803 3622 900 3684 Gosr.
927 3623 945 3702 ᾗ
970 3623 1049 3699 480.
1078 3659 1121 3668 -
1147 3623 1199 3685 De
1225 3626 1297 3705 ipsa
1322 3645 1355 3686 re

233 3753 275 3815 cl.
302 3753 460 3816 Momms.
487 3751 529 3814 ad
556 3753 597 3814 R.
625 3750 667 3814 G.
693 3751 762 3812 divi
788 3750 878 3830 Aug.
905 3770 937 3831 p.
966 3765 1019 3830 51.
1047 3750 1102 3814 60.
1129 3788 1173 3798 —

277 3881 348 3942 lam
384 3888 592 3942 transeamus
617 3879 659 3940 ad
686 3877 877 3941 foedissime
910 3887 1102 3960 corruptum
1129 3879 1239 3943 locum
1266 3881 1298 3942 in

280 4134 365 4198 CAP.
383 4149 436 4215 30.
469 4134 597 4196 scilicet
612 4132 670 4194 lies
694 4131 859 4214 magistri
874 4152 891 4193 e
908 4131 1005 4212 plebe
1023 4129 1185 4216 'cuiusque
1209 4134 1357 4197 viciniae

232 4261 329 4338 lecti,
361 4280 448 4342 quae
471 4260 573 4322 verba
597 4257 695 4322 valde
720 4258 867 4322 admiror
893 4279 998 4340 usque
1024 4259 1066 4321 ad
1093 4269 1240 4324 nostram
1265 4271 1355 4324 aeta·

232 4399 301 4453 tem
325 4389 411 4452 sicut
427 4385 550 4452 tradita
568 4395 643 4450 sunt
662 4387 693 4448 in
711 4385 914 4450 editionibus
931 4407 1142 4469 eomparere,
1162 4409 1222 4451 nec
1239 4409 1355 4471 quem-
