3254 5212
841 527 883 589 28

301 726 490 810 redarguit
522 750 597 792 cum
635 730 826 793 Burmanno
852 731 894 794 sit
918 730 1098 813 legendum
1122 738 1185 793 aut
1210 751 1295 812 eqs,
1330 729 1421 812 quod

303 854 517 935 praetulerim
543 856 770 920 emendationi
800 858 968 922 Torrentii
994 879 1063 923 nec.

350 1109 436 1174 CAP.
470 1110 524 1191 56.
574 1111 717 1192 Ferebut
755 1122 790 1175 et
817 1111 886 1194 ipse
920 1113 1126 1196 suffragium
1160 1111 1196 1175 in
1230 1111 1347 1188 tribu,
1384 1120 1423 1173 ut

302 1257 388 1301 unus
403 1234 426 1301 ¹e
443 1241 570 1322 populo
596 1241 738 1322 legimus
764 1242 796 1303 in
823 1219 969 1304 editione
994 1241 1186 1317 Rothiana,
1213 1261 1421 1322 quamquam

302 1366 446 1430 Medicei
471 1368 620 1432 Vindob.
651 1381 678 1432 1'.
699 1369 788 1433 Cort.
815 1370 1024 1433 tradiderunt
1046 1370 1081 1432 iu
1100 1369 1211 1432 tribus
1227 1369 1367 1432 Palatini
1386 1369 1423 1431 in

303 1489 477 1574 tribeho,
516 1497 606 1560 unde
640 1497 730 1560 nullo
769 1497 870 1560 modo
908 1519 984 1560 cum
1009 1497 1180 1579 Stephani
1211 1498 1357 1561 editione
1389 1507 1422 1560 et

303 1622 445 1686 Erasmo
471 1620 564 1685 effici
592 1634 703 1706 potest
728 1625 763 1688 in
789 1625 894 1688 tribu.
946 1627 1023 1688 Non
1048 1635 1173 1688 temere
1199 1626 1288 1688 enim
1314 1625 1423 1687 littera

298 1771 314 1812 s
339 1751 549 1832 neglegenda
574 1761 633 1816 est.
662 1752 762 1834 Quod
782 1763 896 1816 autem
922 1753 1085 1816 Graevius
1107 1774 1150 1814 ex
1167 1773 1241 1835 cap.
1260 1759 1306 1830 40
1324 1752 1423 1815 colle-

301 1877 350 1958 git
366 1877 561 1959 Augustum
579 1879 612 1941 in
626 1879 756 1942 duabus
770 1879 923 1942 tribubus
937 1880 1134 1961 suffragium
1147 1881 1262 1944 tulisse
1280 1880 1424 1962 ideoque

302 2005 356 2068 hic
380 2006 593 2069 scribendum
618 2028 690 2076 esse
710 2007 745 2070 in
760 2007 929 2084 tribubus,
956 2029 1065 2090 neque
1090 2009 1136 2071 ibi
1161 2007 1303 2070 traditur
1316 2029 1424 2090 neque

301 2132 444 2196 libenter
467 2132 605 2196 credere
641 2134 753 2198 velim.
805 2135 899 2198 Nihil
937 2137 1025 2199 enim
1058 2135 1148 2199 aliud
1175 2136 1353 2200 Suetonius
1377 2136 1423 2198 ibi

301 2270 413 2325 narrat
435 2240 507 2325 ³nisi
541 2261 734 2345 Augustum
771 2265 950 2328 tribulibus
984 2267 1051 2328 suis
1079 2286 1235 2329 nummos
1266 2265 1425 2327 dividisse

302 2390 457 2456 letam
491 2392 531 2455 iis¹
563 2393 620 2475 qui
656 2391 732 2455 ante
765 2383 1017 2474 adoptationem
1042 2392 1179 2456 tribules
1203 2393 1422 2470 sui'luerant,

303 2511 417 2599 quam
438 2520 500 2602 qui·
524 2519 745 2600 'adoptatione
764 2520 861 2582 'facta
888 2520 919 2580 in
945 2515 1064 2582 eadem
1089 2522 1156 2602 qua
1182 2521 1237 2584 ille
1261 2523 1349 2584 tribu
1375 2543 1425 2583 re·

303 2647 533 2708 censebantur.
583 2633 693 2710 Valde
732 2644 791 2709 me'
821 2649 931 2729 piget,
968 2648 1062 2730 'quod
1098 2649 1142 2710 de
1177 2649 1241 2712 hac
1277 2658 1423 2711 reutrum

302 2774 417 2838 liceret
446 2761 545 2836 simul
579 2774 614 2835 in‘
644 2773 775 2837 duabus
808 2775 964 2838 tribubus
992 2750 1187 2856 suffragium
1207 2772 1423 2838 'ferre'necne

303 2903 424 2964 certior
459 2901 529 2962 fieri
566 2909 645 2963 non
669 2883 774 2983 potui.
824 2903 901 2966 Sed*
929 2905 1009 2986 quia
1042 2897 1145 2966 dom'o
1171 2913 1298 2967 mutata
1323 2905 1423 2967 etiam

303 3021 637 3106 tribus'mutabaturg
656 3031 724 3092 veri
743 3031 883 3094 similius
901 3052 973 3094 esse
991 3033 1077 3095 duco
1094 3022 1226 3094 licuiSse
1243 3041 1371 3108 tantum
1390 3033 1422 3094 in

304 3161 369 3220 una
393 3158 483 3221 tribu
508 3154 704 3238 suffragium
722 3157 814 3219 'ferre
832 3153 937 3239 atque
950 3137 1142 3240 Augustum
1161 3160 1193 3220 in
1209 3159 1298 3222 tribu
1316 3159 1423 3221 Fabia

300 3287 500 3350 recensitum
533 3275 657 3362 fuisSe,'
675 3293 725 3348 'ut
750 3265 907 3368 exposuit
931 3263 1145 3350 Kubitscllek
1170 3287 1212 3348 de
1236 3298 1319 3351 rom.
1344 3289 1424 3352 triu

301 3417 384 3496 orig.
421 3436 460 3478 ac
497 3415 740 3496 propagatione
773 3415 878 3497 (Abh.
913 3417 971 3479 des
1005 3415 1109 3480 Arch.
1144 3416 1262 3497 Epigr.
1295 3416 1420 3480 Semin.

301 3541 400 3604 Wien
429 3539 540 3624 1882‘.)
557 3563 600 3623 p.
626 3543 707 3604 118³.
735 3580 779 3587 —
842 3533 845 3558 ³

303 3726 308 3738 .
347 3663 405 3733 Ab
429 3671 523 3734 ‘omni'
554 3660 648 3751 parte
674 3669 774 3750 igitur
799 3664 1013 3733 Torrentium
1049 3692 1164 3733 verum
1189 3671 1312 3735 vidisse
1338 3673 1419 3735 mihi

299 3819 494 3882 persuasum
519 3797 694 3874 est,‘cum
719 3798 910 3861 emendavit
934 3798 1091 3862 traditam
1116 3800 1314 3882 scripturam
1332 3801 1420 3864 hunc

300 3930 333 3991 in
358 3917 514 3990 modum:
541 3924 577 3988 in
602 3923 696 3987 tribu
720 3945 792 3988 suu.

336 4181 435 4244 'CAR
464 4195 518 4261 57.
568 4180 770 4243 Rectissime
795 4180 951 4243 Dukerus
971 4181 1014 4243 ad
1041 4165 1247 4262 Flor.117.8
1274 4182 1358 4246 vidit
1387 4185 1419 4246 in

298 4311 461 4374 sententia
494 4309 576 4372 item
614 4309 698 4373 Kal.
731 4308 807 4373 Ian.
838 4319 989 4372 strenam
1020 4330 1090 4391 eqs
1125 4308 1294 4372 delectum
1326 4312 1418 4374 verbi

300 4461 393 4519 esse,
430 4439 521 4522 quod
550 4459 594 4501 ex
618 4437 831 4521 praecedenti
861 4437 1032 4502 iaciebant
1055 4438 1098 4501 ad
1130 4448 1281 4502 strenam
1307 4439 1419 4503 subin-
