3254 5212
755 518 797 600 63

267 721 358 813 CAP,
375 701 444 806 '94
475 724 519 804 (p.
547 689 604 804 79.Ι
631 724 697 805 21).
748 725 961 787 Pervenimus
986 724 1028 787 ad
1054 725 1341 806 corruptissimum

171 835 172 838 Ἴ
217 849 346 926 locum,
384 852 478 912 cuius
511 850 702 913 emendatio
728 851 808 913 mihi
832 873 875 926 eo
903 825 1070 914 difficilior
1095 873 1166 914 esse
1190 852 1337 928 videtur,

204 979 309 1068 *quod
346 1000 444 1041 nemo
485 1000 528 1041 ex
562 980 600 1040 iis
651 980 708 1061 qui
735 979 789 1041 hic
816 980 984 1060 ingenium
1022 981 1231 1042 exercuerint
1264 1001 1339 1062 pro-

218 1093 366 1188 posuerit
401 1108 468 1170 tale
506 1107 653 1190 aliquid,
675 1107 779 1171 ⁴unde
817 1110 892 1171 loco
929 1110 987 1171 lux
1017 1107 1202 1189 affulgeret.
1241 1108 1341 1172 Com-

208 1256 369 1298 ·memoro
395 1234 529 1297 Gruteri
555 1234 634 1298 dom
659 1244 788 1297 ceterae
805 1246 982 1297 matronae
998 1235 1223 1312 edormirent,
1250 1236 1341 1318 quod

218 1363 380 1445 explicat:
415 1383 648 1444 ,unaquaeque
684 1384 727 1425 ex
765 1365 923 1426 matronis
964 1365 994 1425 in
1032 1364 1151 1426 lectica
1186 1385 1341 1426 somnum

216 1512 312 1576 suum
338 1489 485 1573 complet
502 1491 593 1552 domi
621 1492 859 1572 interruptum,
887 1491 967 1553 dum
987 1501 1154 1554 maturant
1175 1492 1218 1554 ad
1236 1492 1343 1573 Apol-

213 1619 293 1680 linis
331 1618 478 1696 aedem’;
530 1618 664 1680 Graevii
702 1618 835 1681 domum
874 1593 986 1708 z'rorzl,
1021 1619 1166 1681 Ernestii
1191 1620 1342 1681 conveni-

219 1757 313 1823 reot,
355 1767 372 1808 e
410 1745 531 1829 quibus
568 1748 649 1828 quid
686 1749 804 1810 ceteris
842 1757 987 1829 praestet
1019 1747 1109 1808 haud
1141 1746 1238 1809 sacile
1267 1750 1342 1829 quis

219 1876 330 1956 eligat.
370 1876 454 1937 Mihi
492 1885 603 1938 autem
640 1896 719 1937 vero
755 1875 962 1937 simillimum
999 1877 1106 1938 visum
1144 1885 1262 1939 estex
1293 1897 1341 1938 se-

219 2005 333 2083 quenti
359 2004 461 2065 verbo
479 2001 680 2065 obdormisse
703 2003 735 2065 id
761 2003 853 2085 quod
878 2001 1078 2084 praecedere
1100 2003 1247 2066 debebat
1271 2025 1343 2066 esse

220 2140 432 2212 corruptum,
454 2139 556 2211 atque
582 2130 664 2192 haec
690 2131 758 2192 fere
783 2131 858 2192 loco
876 2140 988 2193 nostro
1014 2133 1120 2194 inesse
1137 2141 1230 2212 puto,
1259 2131 1340 2194 Atia

219 2279 294 2320 cum
332 2258 405 2320 aliis
440 2259 598 2320 matronis
631 2257 673 2318 ad
701 2257 871 2339 Apollinis
909 2259 1072 2339 templum
1110 2279 1145 2320 se
1182 2257 1341 2334 contulit,

220 2388 276 2449 ubi
302 2387 365 2448 sibi
391 2396 423 2448 et
448 2387 627 2448 comitibus
653 2406 783 2447 sacrum
810 2386 999 2448 faciendum
1025 2394 1106 2451 erat.
1146 2387 1195 2447 Ibi
1222 2387 1339 2450 lectica

220 2515 328 2595 posita
354 2534 418 2576 non
445 2523 480 2576 ut
509 2523 638 2575 ceterae
675 2513 785 2575 officio
819 2535 880 2575 suo
914 2513 1079 2593 fungitur,
1106 2515 1163 2575 sed
1203 2514 1342 2577 sortasse

221 2643 361 2723 fatigata
385 2664 503 2705 somno
529 2664 563 2704 se
589 2642 728 2705 dedidit.
756 2680 800 2688 —
827 2644 947 2724 Neque
973 2643 1072 2723 igitur
1095 2662 1170 2704 cum
1198 2643 1346 2706 Graevio

220 2772 434 2834 scribendum
468 2781 538 2834 erat
567 2771 701 2833 domum
729 2771 837 2847 irent,
865 2793 942 2834 nam
975 2770 1056 2852 quid
1092 2771 1156 2832 hoc
1185 2772 1227 2833 ad
1256 2793 1343 2848 rem,

222 2909 330 2961 utrum
349 2909 521 2962 matronae
539 2899 571 2959 in
589 2899 672 2960 aede
691 2908 861 2961 manerent
879 2920 920 2960 an
938 2899 1076 2961 domum
1096 2900 1199 2962 irent?
1226 2901 1345 2982 Neque

221 3049 297 3090 cum
325 3029 479 3091 Ernestio
503 3028 741 3101 convenirent;
778 3029 925 3110 undique
960 3031 1060 3109 igitur
1092 3029 1189 3090 turba
1224 3039 1346 3092 matro-

221 3175 337 3217 narum
361 3156 516 3217 convenit
540 3145 598 3236 per
624 3175 783 3236 magnum
807 3156 968 3236 temporis
993 3157 1160 3236 spatium?

269 3282 336 3346 Sed
362 3304 421 3364 pro
442 3291 599 3362 corrupto
616 3283 718 3344 verbo
737 3282 913 3362 requiritur
933 3282 1153 3357 vocabulum,
1173 3302 1240 3362 quo
1262 3282 1344 3344 indi-

223 3419 316 3472 cetur
349 3418 476 3471 ceteras
510 3417 678 3469 matronas
713 3407 777 3469 deo
810 3417 965 3488 operatas
990 3429 1080 3486 esse,
1107 3410 1233 3490 quippe
1258 3430 1345 3490 quae

223 3538 265 3599 ad
299 3534 557 3598 sacrificandum
592 3536 624 3595 in
650 3535 814 3616 templum
839 3537 1016 3600 venissent.
1056 3539 1173 3617 ltaque
1201 3537 1346 3617 cogitavi

223 3665 265 3726 de
293 3664 395 3724 verbo
432 3662 544 3739 obire,
583 3662 674 3743 quod
712 3672 904 3745 corruptum
942 3674 975 3726 et
1006 3673 1171 3726 mutatum
1205 3683 1276 3725 esse
1313 3665 1345 3724 in

224 3791 415 3854 dormirent
439 3801 576 3872 propter
596 3811 739 3871 sequens
763 3791 964 3853 obdormisse
986 3793 1122 3853 obvium
1144 3800 1202 3853 est.
1233 3789 1346 3871 Quare

225 3918 335 3981 locum
363 3919 393 3980 in
420 3918 508 3980 hunc
534 3919 671 3980 modum
694 3919 841 3999 retingo:
867 3940 940 3980 cum
959 3919 1009 3980 ad
1021 3921 1153 3982 solenne
1173 3917 1349 4000 Apollinis

225 4046 337 4108 medio
362 4056 455 4109 nocte
478 4047 642 4123 venisset,
660 4045 778 4127 ¹posito
805 4045 982 4127 intemplo
1004 4045 1142 4122 lectica,
1168 4045 1248 4108 dom
1265 4055 1348 4108 cete·

225 4195 285 4237 rae
310 4184 488 4236 matronae
513 4174 671 4255 (socrum)
697 4173 852 4249 obirent,
879 4172 1090 4236 obdormisse.
1141 4171 1197 4236 Sic
1224 4175 1345 4234 iustum

225 4324 358 4366 sensum
384 4324 640 4385 recuperamuS,
668 4323 744 4364 nam
770 4301 949 4364 verisimile
978 4310 1027 4363 est
1053 4309 1237 4376 matronas,
1260 4321 1347 4381 quae

227 4453 291 4494 non
309 4442 344 4494 ut
370 4431 451 4494 Atia
476 4452 594 4494 somno
623 4430 797 4493 devinctae
823 4439 953 4506 essent,
981 4428 1013 4490 id
1032 4429 1227 4511 perfecisse,
1254 4429 1347 4489 cuius
