3254 5212
817 561 859 625 54

274 755 353 838 oct.)
388 754 495 816 inveni
530 761 704 816 exaratum
736 773 794 814 sex
826 751 982 814 Nestoris
1015 752 1118 834 (quod
1145 761 1254 814 ortum
1280 759 1330 812 est
1353 770 1396 811 ex

284 882 334 948 VI
361 904 422 966 pro
455 883 525 963 ur);
547 878 650 943 unde'
670 880 857 962 suspicatus
882 900 956 942 sum
982 873 1013 941 in
1041 880 1130 960 Aug.
1157 861 1231 960 cap.
1264 895 1321 940 101
1351 914 1395 924 —

278 1011 335 1074 ubi
357 1009 436 1072 Mss,
464 1008 626 1071 fluctuant
652 1003 735 1070 inter
760 1007 854 1088 opud
875 1027 908 1068 se
942 1007 976 1070 V.
1012 1006 1046 1070 V.
1073 1017 1106 1070 et
1130 1005 1224 1088 opud
1245 990 1303 1067 sex
1327 1006 1397 1067 vir-

270 1140 370 1220 gines
404 1136 611 1200 Vestales-
631 1134 811 1214 legendum
836 1153 908 1194 esse
932 1132 1026 1213 apud
1047 1133 1200 1214 virgines
1234 1132 1397 1207 Vestales,

277 1269 332 1330 ubi
358 1287 416 1330 sex
441 1266 493 1328 vel
527 1262 576 1328 VI
596 1273 705 1326 ortum
732 1271 818 1324 esset
843 1282 885 1322 ex
910 1262 1026 1341 primis
1051 1262 1220 1341 sequentis
1240 1261 1394 1322 vocabuli

276 1395 402 1457 litteris.
431 1393 519 1455 Tam
546 1393 658 1472 inepta
684 1391 772 1451 enim
797 1398 847 1450 est
872 1389 1016 1450 adiectio
1034 1391 1179 1465 numeri,
1207 1399 1242 1451 ut
1260 1391 1395 1452 omnino

274 1521 423 1586 tollenda
449 1539 520 1582 esse
545 1519 706 1581 videatur.
759 1516 874 1597 Atque
900 1518 1000 1578 etiam
1027 1526 1173 1598 praestat
1198 1519 1395 1580 sententiam

275 1649 364 1712 hunc
399 1649 430 1710 in
464 1646 602 1709 modum
640 1647 811 1708 restituere
848 1646 972 1706 omisso
1010 1665 1061 1721 se,
1102 1654 1137 1708 ut
1161 1647 1253 1708 verbi
1275 1656 1397 1726 proto-

277 1777 394 1840 lerunt
434 1796 497 1838 non
527 1775 680 1857 virgines
714 1772 860 1836 Vestales
885 1775 1072 1836 subiectum
1098 1774 1157 1849 sit,
1185 1773 1244 1835 sed
1270 1775 1301 1834 in
1328 1775 1397 1835 uni-

275 1921 407 1966 versum
446 1901 592 1963 dicatur:
634 1909 869 1961 testamentum
888 1950 987 1963 .....
1014 1901 1255 1981 protulerunt,
1282 1921 1326 1963 sc.
1358 1903 1396 1977 ii,

277 2050 420 2112 quorum
460 2027 541 2090 illud
580 2027 725 2089 officium
764 2036 833 2089 erat
848 2029 879 2106 ¹).
930 2027 1027 2108 Quae
1064 2030 1147 2120 ratio
1184 2030 1398 2091 confirmatur

277 2157 352 2222 coll.
379 2157 450 2220 Cal.
482 2154 521 2218 16
547 2156 715 2233 „rationes
749 2156 878 2235 imperii
904 2156 947 2216 ab
974 2155 1129 2236 Augusto
1155 2159 1296 2237 proponi
1321 2159 1397 2218 soli-

277 2283 362 2361 tas'’,
388 2284 445 2346 vix
471 2283 559 2345 enim
586 2281 676 2342 credi
711 2290 820 2362 potest
854 2282 1045 2362 Augustum
1079 2304 1117 2344 ee
1142 2285 1205 2344 tria
1229 2284 1398 2346 volumina

278 2431 431 2493 quoque,
471 2411 555 2472 inter
579 2430 667 2490 quae
700 2409 958 2494 breviarium2),
994 2411 1177 2490 virginibus
1205 2410 1398 2474 Vestalibus

277 2538 504 2603 conservanda
529 2536 762 2600 demandasse.
838 2620 841 2627 1

324 2667 496 2729 Postremo
511 2665 562 2726 his
580 2664 871 2727 emendationibus
889 2666 1031 2727 similem
1046 2665 1237 2729 Casauboni
1252 2667 1397 2747 proferre

274 2796 374 2859 velim
409 2793 509 2856 Dom.
548 2809 564 2872 3
595 2791 766 2854 verissime
800 2793 1001 2856 restituentis
1025 2805 1188 2858 secretum
1213 2795 1400 2857 sibilioro-

276 2943 352 2984 rum
379 2919 486 2983 trium
511 2939 641 2982 sumere
663 2919 802 2981 solebat.
997 2911 999 2915 ’

325 3047 375 3112 Cs.
404 3067 456 3110 me
480 3068 580 3128 supra
606 3046 649 3108 ad
675 3045 769 3109 Caes.
797 3063 852 3124 42.
876 3083 919 3092 --
942 3047 1160 3129 Oudendorp.
1180 3049 1221 3110 ad
1236 3050 1396 3130 Domit·.3

275 3175 458 3258 („secundo
492 3196 552 3238 suo
586 3174 806 3254 consulatu'').
838 3212 881 3220 —
908 3175 1054 3256 Interpp.
1085 3176 1127 3238 ad
1155 3176 1245 3257 Aug.
1275 3195 1327 3256 32.
1354 3179 1399 3258 (in

277 3305 353 3386 fine)
380 3339 424 3352 —
450 3303 579 3366 Becker
604 3302 755 3384 Quaestt.
784 3302 825 3364 de
851 3302 942 3365 Suet.
971 3304 1093 3365 Memel
1116 3303 1395 3385 1862,p.xx11.

323 3559 408 3623 CAP.
438 3575 490 3639 35.
529 3557 646 3619 Turba
671 3557 866 3638 copularum
887 3578 993 3638 paene
1011 3561 1199 3637 obruimur,
1219 3564 1264 3624 ita
1282 3573 1397 3624 utnon

275 3689 427 3751 dubitem
441 3708 502 3768 pro
515 3687 619 3749 altero
632 3695 666 3746 et
684 3686 772 3766 (post
789 3685 1036 3768 indignissimi)
1056 3709 1215 3770 reponere
1232 3701 1288 3767 ut,
1308 3692 1397 3772 quod

275 3835 376 3896 saepe
401 3812 542 3894 copulae
571 3811 645 3873 loco
671 3813 780 3874 cessit.
820 3812 1019 3893 Explicatur
1044 3816 1151 3890 enim,
1178 3817 1234 3896 qui
1261 3817 1325 3879 sint
1351 3817 1400 3879 illi

276 3941 497 4022 indignissimi
515 3949 685 4002 senatores
703 3949 804 4020 atque
823 3939 889 4000 fere
907 3949 1035 4020 ponunt
1052 3951 1109 4018 ut,
1131 3943 1186 4004 ubi
1205 3945 1397 4026 exemplum

276 4069 412 4132 affertur
437 4067 479 4129 ad
502 4066 733 4130 illustrandum
752 4067 961 4148 propositum
987 4070 1159 4148 generale,
1186 4070 1278 4151 quod
1303 4092 1397 4152 prae-

276 4262 479 4271 Μ

309 4383 328 4440 1)
365 4379 403 4429 Cf.
423 4380 474 4428 Dio
493 4379 533 4441 56.
553 4391 592 4440 33.
612 4380 769 4442 ἒςεκομίςθη
790 4377 820 4426 di
843 4381 889 4426 καὶ
908 4380 1012 4440 βιβλία
1031 4383 1160 4448 τέσσαρα.

311 4471 331 4526 2)
368 4469 407 4517 Cs.
426 4469 545 4517 Willems
564 4469 590 4516 ll.
609 4486 634 4532 p.
653 4479 710 4530 497.
730 4470 848 4517 Momms.
870 4469 905 4517 St.
925 4469 975 4531 984
993 4486 1017 4518 n.
1037 4484 1060 4532 3.
