3254 5212
787 483 841 560 62,

251 686 362 749 mendi
387 684 583 764 Suetonius*
601 687 767 768 'exemplis
793 687 945 749 illustrat.
996 687 1065 748 Ubi
1091 686 1200 748 denuo
1226 683 1372 746 Rothius

251 815 365 892 edidit,
385 816 476 897 quod
491 836 662 898 nunquam
676 815 873 893 Suetonium
888 816 1064 897 scripsisse·
1073 831 1132 897 pro
1144 805 1235 876 certo
1246 813 1370 876 habeo:

249 963 352 1024 aeque
379 941 650 1023 praepositiones
693 941 832 1006 urbibus
850 1001 851 1004 ,
871 940 996 1002 addere
1032 911 1230 1006 dubitavit,
1279 939 1393 1006 Haec,

998 1029 1002 1055 l

252 1071 491 1158 autemnverba
517 1090 582 1132 non
613 1069 674 1136 nisi
701 1069 733 1128 in
759 1068 965 1156 Memmiano
991 1077 1024 1130 et
1049 1067 1170 1129 Medic.
1203 1085 1229 1130 1.
1257 1069 1303 1129 sic
1328 1065 1372 1128 le-

253 1207 384 1278 guntur.
416 1198 538 1283 Medic.
569 1215 585 1276 3
614 1196 717 1258 habet
741 1196 856 1274 ardis,
891 1189 991 1259 ceteri
1017 1217 1095 1258 vero
1121 1216 1283 1258 consensu
1313 1215 1373 1276 pro

251 1307 391 1388 arabibus
417 1321 578 1388 exhibent
606 1324 738 1401 verbis,
771 1325 861 1406 quod
892 1326 988 1386 unice
1020 1345 1134 1386 verum
1166 1334 1225 1386 est.
1285 1322 1373 1383 Nam

252 1461 487 1533 praeterquam
513 1451 604 1532 quod
630 1451 694 1512 hoc
721 1450 888 1532 peculiare
909 1451 1076 1512 scribendi
1102 1471 1206 1531 genus
1226 1449 1373 1530 Augusti
1462 1493 1464 1502 ,

252 1579 387 1639 omnino
413 1598 477 1638 non
496 1577 814 1640 confirmaturlocis
828 1577 918 1639 velut
944 1549 1061 1640 Claud.
1081 1595 1103 1654 4
1130 1599 1212 1654 ,esse
1230 1575 1372 1638 Romae'

253 1704 305 1766 vel
335 1705 424 1785 Aug.
456 1704 501 1782 64
534 1706 645 1781 ,Baias
681 1705 857 1782 venisset',
897 1705 1088 1767 Burmanno
1126 1703 1373 1766 assentiendum

252 1843 301 1895 est
325 1833 442 1895 fatenti
479 1853 604 1894 senon
644 1833 853 1914 intellegere,
884 1824 1050 1916 quaenam
1088 1834 1272 1926 obscuritas
1298 1833 1374 1896 oriri

252 1961 357 2042 possit
369 1979 412 2021 ex
425 1962 605 2023 omissione
620 1963 876 2043 praepositionis
891 1963 923 2023 in
936 1961 1160 2023 locutionibus
1172 1981 1207 2022 ee
1219 1959 1374 2035 Romam,

252 2107 324 2148 sam
342 2087 469 2149 Romae
493 2087 693 2168 sim.Neque
719 2087 812 2150 locus
838 2089 996 2150 Prisciani
1023 2088 1079 2169 (X.
1107 2089 1137 2151 8.
1164 2089 1221 2170 43)
1247 2087 1290 2151 ad
1311 2087 1376 2148 lec-

250 2215 376 2276 tionem
401 2212 541 2276 urbibus
565 2213 813 2294 probandama
838 2214 966 2275 Rothio
992 2213 1166 2301 laudatusf,
1193 2217 1375 2296 quicquam

254 2341 319 2402 huc
344 2342 433 2403 facit.
484 2342 534 2402 Ibi
564 2342 652 2402 enim
687 2340 840 2404 Caesaris
865 2341 907 2403 ad
934 2342 1121 2423 Vergilium
1154 2345 1255 2405 verba
1280 2363 1375 2404 eaca-

255 2468 403 2530 caera'stz'
438 2490 459 2528 a
495 2469 644 2550 Neapoli
679 2472 888 2534 ascribuntur
914 2471 956 2532 ad
989 2470 1217 2533 defendendas
1253 2471 1377 2533 formas

255 2595 502 2671 excaecarerista',
529 2595 757 2659 decacarra'sta'
780 2600 853 2661 sim.
893 2598 1012 2679 Neque
1037 2619 1114 2660 vero
1140 2598 1267 2661 Rothio
1293 2619 1378 2679 opus

256 2725 317 2786 fuit
353 2743 512 2804 quaerere
548 2725 703 2806 exempla
741 2727 997 2807 praepositionis
1030 2747 1105 2788 cum
1132 2728 1222 2788 urbis
1248 2728 1381 2788 nomine

256 2852 451 2912 coniunctae
476 2852 565 2931 apud
592 2853 815 2930 Fuscianum,
843 2875 917 2916 eum
946 2858 976 2917 in
1003 2855 1075 2937 ipso
1095 2855 1255 2918 Suetonio
1281 2845 1395 2922 obvia

256 2979 321 3039 sint
354 2977 444 3057 Aug.
482 2995 554 3039 100.
606 2979 709 3061 Vesp.
742 2998 767 3042 1.
795 3019 838 3026 --
866 2981 915 3042 Cf.
944 2981 1040 3043 Gosr.
1069 2983 1101 3046 ll.
1128 2984 1146 3062 §
1175 2997 1251 3062 335.
1282 2999 1308 3043 1.
1336 3018 1379 3028 -

256 3106 466 3167 Postremum
493 3116 590 3168 acute
616 3106 877 3189 Oudendorpius
914 3108 998 3170 vidit
1022 3107 1238 3185 Suetonium,
1265 3110 1290 3169 si
1317 3107 1380 3170 hoc

256 3234 367 3294 dicere
399 3233 575 3309 voluisset,
612 3236 747 3295 omnino
773 3235 916 3295 scribere
942 3233 1097 3296 debuisse
1115 3235 1249 3296 acediam
1276 3235 1380 3296 aomi-

257 3361 353 3422 az'bas
378 3360 512 3424 addere.

302 3489 460 3550 Retineas
475 3490 574 3568 igitur
592 3510 722 3550 mecum
736 3489 905 3570 vulgatam
924 3490 1100 3552 lectionem
1119 3490 1230 3552 uerbis
1243 3489 1377 3552 addere.

257 3615 432 3696 Augustus
465 3616 694 3695 ambiguitatis
727 3616 883 3678 vitandae
915 3638 1016 3679 causa
1042 3620 1143 3680 etiam
1170 3619 1214 3679 ibi
1241 3637 1381 3697 praepo-

257 3745 394 3806 sitiones
429 3743 539 3804 verbis
576 3743 700 3804 addere
736 3745 883 3819 solebat,
922 3745 978 3805 ubi
1015 3745 1116 3826 vulgo
1142 3747 1381 3808 omittebantur

259 3881 316 3935 aut
359 3871 591 3933 concinnitatis
635 3891 713 3950 ergo
759 3881 816 3933 aut
857 3881 992 3952 propter
1027 3882 1233 3935 constantem
1271 3895 1378 3935 usum.

259 3998 375 4080 Atque
411 4018 472 4079 par
507 4007 557 4059 est
589 3997 675 4058 hanc
700 3998 845 4078 Augusti
872 4000 1146 4061 consuetudinem
1173 4001 1379 4082 imprimisa

260 4125 420 4188 Suetonio
453 4133 645 4187 annotatam
680 4145 767 4200 esse,
803 4126 930 4206 quippe
963 4127 1020 4206 qui
1056 4127 1125 4207 ipse
1160 4149 1239 4208 prae
1264 4128 1380 4188 ceteris

258 4255 543 4335 praepositionum
571 4274 666 4314 usum
692 4253 891 4333 repudiaret.
920 4290 963 4298 -
