3254 5212
809 529 855 594 44

271 725 340 795 est,
370 718 445 782 coll.
481 719 576 785 Caes.
603 718 657 801 76.
688 719 779 802 Aug.
808 737 861 802 31.
896 719 987 784 Nero
1023 733 1076 800 55.
1111 719 1212 784 Dom.
1244 735 1294 798 13.
1322 717 1390 782 Cic.

272 845 315 908 de
339 848 426 930 Rep.
453 849 504 924 ΙΙ,
530 863 566 928 7,
598 864 637 910 12
664 849 804 927 „urbem
829 868 932 929 quam
958 869 976 910 e
1001 867 1061 911 suo
1086 849 1221 912 nomine
1245 849 1391 912 Romam

272 975 435 1038 nominari
462 975 589 1041 iussit''.
616 977 771 1058 Denique
789 976 871 1040 Tac.
891 975 1005 1040 Germ.
1027 993 1057 1040 2.

319 1103 450 1166 Deinde
462 1105 572 1168 verbis
589 1104 797 1191 adfirmavit
809 1125 892 1189 qnae
911 1104 998 1168 scire
1022 1105 1119 1168 foede
1131 1105 1255 1168 vitiatis
1269 1104 1394 1167 mederi

273 1251 441 1298 conemur.
480 1234 603 1297 Mirum
636 1244 798 1317 quantum
824 1236 978 1317 improbo
1004 1235 1088 1297 haec
1113 1244 1239 1296 temere
1264 1233 1296 1298 in
1320 1243 1393 1298 tex·

272 1367 342 1422 tum
361 1371 496 1443 recepta
514 1383 603 1439 esse,
622 1383 700 1425 narn
718 1363 834 1444 utique
855 1361 964 1424 editor
980 1361 1129 1424 debebat
1153 1361 1267 1444 aliquo
1293 1361 1393 1424 modo

272 1489 419 1553 indicare
440 1492 557 1554 vitium
575 1491 629 1554 hic
647 1491 774 1554 adesse.
802 1491 868 1554 Cur
886 1512 951 1553 non
969 1491 1166 1553 Memmiani
1185 1491 1394 1573 aliorumque

271 1626 420 1680 veterum
454 1618 609 1681 codicum
639 1620 816 1709 lectionem
841 1619 1095 1704 affirmauitque
1119 1620 1246 1701 recepit
1271 1628 1304 1682 et
1328 1639 1392 1700 eg.

271 1744 468 1808 lacunosum
506 1756 635 1811 textum
674 1769 746 1811 esse
775 1749 911 1812 statuit?
959 1747 1027 1811 Sed
1053 1747 1162 1830 ipsum
1188 1747 1299 1809 locum
1327 1747 1393 1809 iarn

271 1875 458 1936 accuratius
483 1875 708 1957 inspiciamus.
746 1878 784 1939 ln
802 1878 913 1939 verbis
934 1877 1020 1939 sicut
1040 1896 1127 1938 nunc
1145 1875 1300 1956 leguntur
1311 1895 1394 1958 quae

271 2001 391 2064 falsum
417 2012 483 2080 est,
510 2003 637 2086 quippe
662 2005 753 2086 quod
774 2002 865 2066 nullo
888 2005 988 2067 modo
1014 2025 1090 2068 cum
1117 2004 1393 2087 praecedentibus

269 2131 379 2193 verbis
405 2131 561 2213 coniungi
587 2133 710 2215 possit,
745 2134 867 2214 quibus
896 2133 978 2195 nihil
1012 2142 1162 2196 narratur
1187 2132 1250 2194 nisi
1288 2131 1393 2194 filium

269 2279 293 2320 a
311 2258 454 2323 Caesare
479 2229 630 2342 agnitum
656 2282 737 2323 esse.
781 2261 901 2343 Neque
925 2281 1003 2324 vero
1029 2261 1152 2324 tradita
1177 2261 1277 2323 lectio
1302 2261 1393 2343 affir-

269 2387 441 2470 mauitque
465 2387 589 2450 tuenda
615 2397 682 2464 est,
713 2389 792 2470 quia
818 2397 896 2450 tunc
929 2409 971 2450 ex
997 2387 1206 2450 antecedenti
1241 2387 1393 2450 tradide-

271 2522 354 2576 runt
378 2511 421 2575 ad
454 2514 641 2577 subiectum
668 2514 717 2576 M,
747 2513 918 2577 Antonius
942 2515 1038 2577 nobis
1067 2515 1393 2596 subintellegendum

271 2649 321 2703 est
347 2639 526 2718 tradidit.
544 2642 635 2723 quod
662 2642 732 2705 fieri
758 2644 883 2724 nequit.

317 2769 374 2832 Ad
410 2791 495 2852 quas
531 2771 744 2834 difficultates
782 2770 960 2833 elevandas
998 2771 1183 2833 Glareanus
1219 2771 1393 2853 proposuit

269 2897 460 2981 affirmavit
493 2899 642 2982 scireque
678 2920 747 2981 eqs.
798 2901 969 2962 Praestare
1001 2920 1080 2962 vero
1115 2907 1195 2981 puto
1233 2898 1391 2961 facillima

270 3025 503 3090 emendatione
528 3028 718 3112 affirmavit
743 3028 842 3112 idque
864 3028 952 3092 scire
976 3036 1132 3110 corrupta
1144 3028 1247 3089 verba
1263 3023 1391 3088 sanare.

318 3281 403 3346 CAP.
443 3298 496 3363 55.
566 3285 779 3346 Pervenimus
820 3282 863 3345 ad
900 3284 1010 3346 locum
1048 3283 1253 3363 gravissimo¹
1283 3281 1390 3343 ulcere

270 3411 489 3475 laborantem.
538 3410 629 3493 Quid
655 3413 743 3474 enim
764 3411 943 3475 Suetonius
964 3412 1028 3474 hoc
1046 3412 1157 3493 capite
1174 3410 1271 3472 nobis
1288 3408 1390 3472 tradi-

268 3539 338 3602 dit?
375 3537 562 3600 Nonnullas
587 3539 743 3600 nimirum
769 3539 935 3602 orationes
968 3550 1093 3602 temere
1129 3539 1213 3600 inter
1238 3537 1389 3600 Caesaris

269 3666 481 3728 circumlatas
508 3686 599 3742 esse,
626 3665 724 3729 uelut
757 3688 844 3749 quae
878 3667 1036 3749 inscripta
1069 3677 1140 3730 erat
1161 3678 1228 3748 pro
1264 3665 1389 3743 Quarto

267 3793 425 3868 Metelle,
452 3813 554 3874 quam
575 3793 749 3875 Augustus
770 3797 957 3879 suspicatus
981 3798 1024 3858 sit
1041 3797 1148 3877 magis
1171 3796 1214 3857 ab
1232 3795 1388 3857 actuariis

266 3929 445 4002 exceptam
478 3921 565 3983 male
597 3921 878 4003 subsequentibus
909 3923 1011 3984 verba
1045 3922 1187 3985 dicentis
1217 3943 1320 4004 quam
1345 3923 1388 3984 ab

268 4049 341 4131 ipso
375 4047 518 4111 Caesare
550 4048 735 4130 profectam
770 4069 851 4112 esse.
913 4048 1089 4130 Augustus
1122 4049 1222 4129 igitur
1253 4050 1387 4112 Caesari

267 4176 355 4240 hanc
379 4178 570 4240 orationem
589 4176 770 4238 abiudicat.
797 4174 864 4238 Sed
885 4177 1054 4257 graviores
1075 4197 1192 4239 causas
1209 4176 1388 4240 Suetonius

267 4305 455 4388 prolaturus
492 4313 559 4381 est,
597 4303 719 4384 quibus
756 4304 876 4384 probet
913 4303 1092 4369 Caesarem
1125 4304 1284 4368 orationis
1313 4305 1385 4368 Pro

266 4433 407 4500 Metello
431 4441 601 4500 auctorem
626 4452 692 4497 non
717 4452 799 4496 csse.

876 4534 903 4570 a*

867 4585 883 4619 u·
