<?xml version="1.0" encoding="UTF-8"?>
<!DOCTYPE html PUBLIC "-//W3C//DTD XHTML 1.0 Transitional//EN"
    "http://www.w3.org/TR/xhtml1/DTD/xhtml1-transitional.dtd">
<html xmlns="http://www.w3.org/1999/xhtml" xml:lang="en" lang="en">
 <head>
  <title>
</title>
<meta http-equiv="Content-Type" content="text/html;charset=utf-8" />
  <meta name='ocr-system' content='tesseract 3.04.00' />
  <meta name='ocr-capabilities' content='ocr_page ocr_carea ocr_par ocr_line ocrx_word'/>
</head>
<body>
  <div class='ocr_page' id='page_1' title='image "./lectionessueton00moddgoog_0053.png"; bbox 0 0 3254 5212; ppageno 0'>
   <div class='ocr_carea' id='block_1_1' title="bbox 822 540 867 606">
    <p class='ocr_par' dir='ltr' id='par_1_1' title="bbox 822 540 867 606">
     <span class='ocr_line' id='line_1_1' title="bbox 822 540 867 606; baseline 0 -18"><span class='ocrx_word' id='word_1_1' title='bbox 822 540 867 606; x_wconf 84' lang='lat'>42</span> 
     </span>
    </p>
   </div>
   <div class='ocr_carea' id='block_1_2' title="bbox 273 728 1404 2084">
    <p class='ocr_par' dir='ltr' id='par_1_2' title="bbox 273 728 1404 2084">
     <span class='ocr_line' id='line_1_2' title="bbox 280 728 1401 812; baseline 0 -21"><span class='ocrx_word' id='word_1_2' title='bbox 280 728 524 812; x_wconf 86' lang='lat' dir='ltr'>profiteretur’&#39;.</span> <span class='ocrx_word' id='word_1_3' title='bbox 554 729 662 794; x_wconf 87' lang='lat' dir='ltr'>Multo</span> <span class='ocrx_word' id='word_1_4' title='bbox 689 730 807 794; x_wconf 90' lang='lat' dir='ltr'>melius</span> <span class='ocrx_word' id='word_1_5' title='bbox 832 740 882 793; x_wconf 88' lang='lat' dir='ltr'>est</span> <span class='ocrx_word' id='word_1_6' title='bbox 899 730 1017 794; x_wconf 90' lang='lat' dir='ltr'>Rothii</span> <span class='ocrx_word' id='word_1_7' title='bbox 1033 729 1234 794; x_wconf 76' lang='lat' dir='ltr'>subornavit</span> <span class='ocrx_word' id='word_1_8' title='bbox 1255 729 1401 793; x_wconf 88' lang='lat' dir='ltr'>Vettium</span> 
     </span>
     <span class='ocr_line' id='line_1_3' title="bbox 283 855 1403 940; baseline -0.002 -20"><span class='ocrx_word' id='word_1_9' title='bbox 283 855 459 920; x_wconf 84' lang='lat' dir='ltr'>inductum</span> <span class='ocrx_word' id='word_1_10' title='bbox 477 856 647 938; x_wconf 88' lang='lat' dir='ltr'>praemiis</span> <span class='ocrx_word' id='word_1_11' title='bbox 672 879 742 940; x_wconf 90' lang='lat' dir='ltr'>eqs.</span> <span class='ocrx_word' id='word_1_12' title='bbox 792 857 919 921; x_wconf 92' lang='lat' dir='ltr'>Verum</span> <span class='ocrx_word' id='word_1_13' title='bbox 945 867 1057 921; x_wconf 89' lang='lat' dir='ltr'>tamen</span> <span class='ocrx_word' id='word_1_14' title='bbox 1083 858 1178 940; x_wconf 88' lang='lat' dir='ltr'>plura</span> <span class='ocrx_word' id='word_1_15' title='bbox 1199 855 1403 920; x_wconf 87' lang='lat' dir='ltr'>intercidisse</span> 
     </span>
     <span class='ocr_line' id='line_1_4' title="bbox 284 984 1404 1069; baseline -0.002 -20"><span class='ocrx_word' id='word_1_16' title='bbox 284 984 360 1049; x_wconf 91' lang='lat' dir='ltr'>inde</span> <span class='ocrx_word' id='word_1_17' title='bbox 396 987 565 1068; x_wconf 90' lang='lat' dir='ltr'>suspicor,</span> <span class='ocrx_word' id='word_1_18' title='bbox 603 986 695 1068; x_wconf 91' lang='lat' dir='ltr'>quod</span> <span class='ocrx_word' id='word_1_19' title='bbox 732 1007 811 1049; x_wconf 90' lang='lat' dir='ltr'>sane</span> <span class='ocrx_word' id='word_1_20' title='bbox 848 988 992 1050; x_wconf 89' lang='lat' dir='ltr'>breviter</span> <span class='ocrx_word' id='word_1_21' title='bbox 1026 1008 1077 1049; x_wconf 89' lang='lat' dir='ltr'>res</span> <span class='ocrx_word' id='word_1_22' title='bbox 1113 1006 1281 1069; x_wconf 85' lang='lat' dir='ltr'>exponere</span> <span class='ocrx_word' id='word_1_23' title='bbox 1320 985 1404 1049; x_wconf 88' lang='lat' dir='ltr'>solet</span> 
     </span>
     <span class='ocr_line' id='line_1_5' title="bbox 283 1114 1403 1198; baseline 0 -21"><span class='ocrx_word' id='word_1_24' title='bbox 283 1123 404 1192; x_wconf 85' lang='lat' dir='ltr'>noster,</span> <span class='ocrx_word' id='word_1_25' title='bbox 430 1135 496 1177; x_wconf 92' lang='lat' dir='ltr'>non</span> <span class='ocrx_word' id='word_1_26' title='bbox 521 1123 633 1178; x_wconf 90' lang='lat' dir='ltr'>autem</span> <span class='ocrx_word' id='word_1_27' title='bbox 658 1115 799 1178; x_wconf 88' lang='lat' dir='ltr'>obscure</span> <span class='ocrx_word' id='word_1_28' title='bbox 821 1117 1004 1198; x_wconf 88' lang='lat' dir='ltr'>quicquam</span> <span class='ocrx_word' id='word_1_29' title='bbox 1029 1116 1213 1178; x_wconf 84' lang='lat' dir='ltr'>narravisse</span> <span class='ocrx_word' id='word_1_30' title='bbox 1236 1114 1403 1198; x_wconf 88' lang='lat' dir='ltr'>putandus</span> 
     </span>
     <span class='ocr_line' id='line_1_6' title="bbox 281 1242 1398 1326; baseline -0.002 -19"><span class='ocrx_word' id='word_1_31' title='bbox 281 1252 341 1320; x_wconf 89' lang='lat' dir='ltr'>est,</span> <span class='ocrx_word' id='word_1_32' title='bbox 368 1245 425 1306; x_wconf 92' lang='lat' dir='ltr'>ubi</span> <span class='ocrx_word' id='word_1_33' title='bbox 451 1253 560 1307; x_wconf 89' lang='lat' dir='ltr'>cetera</span> <span class='ocrx_word' id='word_1_34' title='bbox 585 1243 628 1306; x_wconf 93' lang='lat' dir='ltr'>ad</span> <span class='ocrx_word' id='word_1_35' title='bbox 654 1243 740 1306; x_wconf 86' lang='lat' dir='ltr'>hanc</span> <span class='ocrx_word' id='word_1_36' title='bbox 765 1263 835 1306; x_wconf 91' lang='lat' dir='ltr'>rem</span> <span class='ocrx_word' id='word_1_37' title='bbox 860 1243 1046 1326; x_wconf 83' lang='lat' dir='ltr'>spectantia</span> <span class='ocrx_word' id='word_1_38' title='bbox 1070 1251 1225 1304; x_wconf 86' lang='lat' dir='ltr'>accurate</span> <span class='ocrx_word' id='word_1_39' title='bbox 1250 1242 1398 1323; x_wconf 87' lang='lat' dir='ltr'>exponit.</span> 
     </span>
     <span class='ocr_line' id='line_1_7' title="bbox 329 1369 1403 1453; baseline -0.004 -18"><span class='ocrx_word' id='word_1_40' title='bbox 329 1371 472 1435; x_wconf 90' lang='lat' dir='ltr'>Omissis</span> <span class='ocrx_word' id='word_1_41' title='bbox 489 1372 600 1434; x_wconf 92' lang='lat' dir='ltr'>verbis</span> <span class='ocrx_word' id='word_1_42' title='bbox 625 1372 708 1434; x_wconf 92' lang='lat' dir='ltr'>haec</span> <span class='ocrx_word' id='word_1_43' title='bbox 734 1372 801 1434; x_wconf 86' lang='lat' dir='ltr'>sere</span> <span class='ocrx_word' id='word_1_44' title='bbox 827 1373 934 1434; x_wconf 89' lang='lat' dir='ltr'>inesse</span> <span class='ocrx_word' id='word_1_45' title='bbox 952 1379 1051 1453; x_wconf 87' lang='lat' dir='ltr'>puto:</span> <span class='ocrx_word' id='word_1_46' title='bbox 1079 1371 1134 1449; x_wconf 77' lang='lat' dir='ltr'>„in</span> <span class='ocrx_word' id='word_1_47' title='bbox 1160 1371 1329 1433; x_wconf 90' lang='lat' dir='ltr'>universos</span> <span class='ocrx_word' id='word_1_48' title='bbox 1354 1369 1403 1432; x_wconf 93' lang='lat' dir='ltr'>di·</span> 
     </span>
     <span class='ocr_line' id='line_1_8' title="bbox 278 1498 1401 1582; baseline -0.004 -18"><span class='ocrx_word' id='word_1_49' title='bbox 278 1521 394 1565; x_wconf 88' lang='lat' dir='ltr'>versae</span> <span class='ocrx_word' id='word_1_50' title='bbox 420 1502 573 1564; x_wconf 87' lang='lat' dir='ltr'>factionis</span> <span class='ocrx_word' id='word_1_51' title='bbox 600 1500 698 1564; x_wconf 91' lang='lat' dir='ltr'>simul</span> <span class='ocrx_word' id='word_1_52' title='bbox 725 1501 887 1582; x_wconf 90' lang='lat' dir='ltr'>impetum</span> <span class='ocrx_word' id='word_1_53' title='bbox 905 1500 1000 1576; x_wconf 84' lang='lat' dir='ltr'>fecit,</span> <span class='ocrx_word' id='word_1_54' title='bbox 1027 1519 1112 1582; x_wconf 85' lang='lat' dir='ltr'>quos</span> <span class='ocrx_word' id='word_1_55' title='bbox 1131 1519 1196 1560; x_wconf 86' lang='lat' dir='ltr'>uno</span> <span class='ocrx_word' id='word_1_56' title='bbox 1214 1498 1401 1579; x_wconf 90' lang='lat' dir='ltr'>eodemque</span> 
     </span>
     <span class='ocr_line' id='line_1_9' title="bbox 282 1620 1401 1714; baseline -0.004 -21"><span class='ocrx_word' id='word_1_57' title='bbox 282 1629 348 1694; x_wconf 89' lang='lat' dir='ltr'>ictu</span> <span class='ocrx_word' id='word_1_58' title='bbox 382 1620 615 1696; x_wconf 88' lang='lat' dir='ltr'>consterneret.</span> <span class='ocrx_word' id='word_1_59' title='bbox 673 1632 791 1714; x_wconf 85' lang='lat' dir='ltr'>Itaque</span> <span class='ocrx_word' id='word_1_60' title='bbox 824 1629 962 1693; x_wconf 90' lang='lat' dir='ltr'>Vatinio</span> <span class='ocrx_word' id='word_1_61' title='bbox 995 1638 1130 1693; x_wconf 90' lang='lat' dir='ltr'>auctore</span> <span class='ocrx_word' id='word_1_62' title='bbox 1164 1625 1299 1689; x_wconf 90' lang='lat' dir='ltr'>Curioni</span> <span class='ocrx_word' id='word_1_63' title='bbox 1333 1626 1401 1690; x_wconf 90' lang='lat' dir='ltr'>filio</span> 
     </span>
     <span class='ocr_line' id='line_1_10' title="bbox 280 1759 771 1841; baseline 0 -19"><span class='ocrx_word' id='word_1_64' title='bbox 280 1759 474 1824; x_wconf 89' lang='lat' dir='ltr'>subornavit</span> <span class='ocrx_word' id='word_1_65' title='bbox 500 1759 674 1825; x_wconf 89' lang='lat' dir='ltr'>Vettiurn&#39;&#39;</span> <span class='ocrx_word' id='word_1_66' title='bbox 701 1780 771 1841; x_wconf 90' lang='lat' dir='ltr'>eqs.</span> 
     </span>
     <span class='ocr_line' id='line_1_11' title="bbox 273 1883 1398 1975; baseline -0.006 -20"><span class='ocrx_word' id='word_1_67' title='bbox 273 1917 276 1926; x_wconf 25' lang='grc' dir='ltr'><strong>Α</strong></span> <span class='ocrx_word' id='word_1_68' title='bbox 325 1885 383 1954; x_wconf 84' lang='lat' dir='ltr'>Ad</span> <span class='ocrx_word' id='word_1_69' title='bbox 409 1908 478 1954; x_wconf 89' lang='lat' dir='ltr'>rem</span> <span class='ocrx_word' id='word_1_70' title='bbox 506 1888 613 1975; x_wconf 89' lang='lat' dir='ltr'>ipsam</span> <span class='ocrx_word' id='word_1_71' title='bbox 639 1887 681 1952; x_wconf 87' lang='lat' dir='ltr'>cf.</span> <span class='ocrx_word' id='word_1_72' title='bbox 709 1887 778 1954; x_wconf 75' lang='lat' dir='ltr'>Cic,</span> <span class='ocrx_word' id='word_1_73' title='bbox 805 1887 849 1953; x_wconf 85' lang='lat' dir='ltr'>ad</span> <span class='ocrx_word' id='word_1_74' title='bbox 875 1885 947 1953; x_wconf 88' lang='lat' dir='ltr'>Att.</span> <span class='ocrx_word' id='word_1_75' title='bbox 973 1887 1014 1953; x_wconf 89' lang='lat' dir='ltr'>II.</span> <span class='ocrx_word' id='word_1_76' title='bbox 1043 1903 1097 1968; x_wconf 68' lang='lat'>24,</span> <span class='ocrx_word' id='word_1_77' title='bbox 1125 1907 1156 1972; x_wconf 90' lang='lat' dir='ltr'>p.</span> <span class='ocrx_word' id='word_1_78' title='bbox 1178 1883 1272 1951; x_wconf 87' lang='lat' dir='ltr'>Sext.</span> <span class='ocrx_word' id='word_1_79' title='bbox 1292 1884 1346 1968; x_wconf 80' lang='lat'>63.</span> <span class='ocrx_word' id='word_1_80' title='bbox 1366 1885 1398 1948; x_wconf 92' lang='lat' dir='ltr'>in</span> 
     </span>
     <span class='ocr_line' id='line_1_12' title="bbox 282 2015 476 2084; baseline 0 -2"><span class='ocrx_word' id='word_1_81' title='bbox 282 2015 395 2084; x_wconf 87' lang='lat' dir='ltr'>Vatin.</span> <span class='ocrx_word' id='word_1_82' title='bbox 426 2032 476 2082; x_wconf 87' lang='lat'>10.</span> 
     </span>
    </p>
   </div>
   <div class='ocr_carea' id='block_1_3' title="bbox 325 2269 1400 2355">
    <p class='ocr_par' dir='ltr' id='par_1_3' title="bbox 325 2269 1400 2355">
     <span class='ocr_line' id='line_1_13' title="bbox 325 2269 1400 2355; baseline -0.005 -18"><span class='ocrx_word' id='word_1_83' title='bbox 325 2273 412 2338; x_wconf 83' lang='lat' dir='ltr'><strong>CAP.</strong></span> <span class='ocrx_word' id='word_1_84' title='bbox 440 2290 494 2352; x_wconf 89' lang='lat'>24.</span> <span class='ocrx_word' id='word_1_85' title='bbox 543 2273 711 2355; x_wconf 81' lang='lat' dir='ltr'>Prospere</span> <span class='ocrx_word' id='word_1_86' title='bbox 737 2273 969 2338; x_wconf 78' lang='lat' dir='ltr'>decedentibus</span> <span class='ocrx_word' id='word_1_87' title='bbox 992 2270 1098 2334; x_wconf 90' lang='lat' dir='ltr'>rebus.</span> <span class='ocrx_word' id='word_1_88' title='bbox 1149 2269 1277 2333; x_wconf 89' lang='lat' dir='ltr'>Omnes</span> <span class='ocrx_word' id='word_1_89' title='bbox 1303 2270 1400 2333; x_wconf 87' lang='lat' dir='ltr'>inter-</span> 
     </span>
    </p>
   </div>
   <div class='ocr_carea' id='block_1_4' title="bbox 280 2390 1400 2488">
    <p class='ocr_par' dir='ltr' id='par_1_4' title="bbox 280 2390 1400 2488">
     <span class='ocr_line' id='line_1_14' title="bbox 280 2390 1400 2488; baseline -0.008 -24"><span class='ocrx_word' id='word_1_90' title='bbox 280 2412 389 2487; x_wconf 91' lang='lat' dir='ltr'>pretes</span> <span class='ocrx_word' id='word_1_91' title='bbox 422 2401 464 2464; x_wconf 91' lang='lat' dir='ltr'>de</span> <span class='ocrx_word' id='word_1_92' title='bbox 498 2401 650 2465; x_wconf 90' lang='lat' dir='ltr'>lectionis</span> <span class='ocrx_word' id='word_1_93' title='bbox 682 2403 825 2465; x_wconf 85' lang='lat' dir='ltr'>sanitate</span> <span class='ocrx_word' id='word_1_94' title='bbox 858 2401 1013 2464; x_wconf 88' lang='lat' dir='ltr'>dubitant</span> <span class='ocrx_word' id='word_1_95' title='bbox 1043 2407 1179 2483; x_wconf 91' lang='lat' dir='ltr'>propter</span> <span class='ocrx_word' id='word_1_96' title='bbox 1209 2394 1290 2459; x_wconf 89' lang='lat' dir='ltr'>illud</span> <span class='ocrx_word' id='word_1_97' title='bbox 1315 2390 1400 2488; x_wconf 62' lang='lat' dir='ltr'>duce}</span> 
     </span>
    </p>
   </div>
   <div class='ocr_carea' id='block_1_5' title="bbox 271 2521 1401 3377">
    <p class='ocr_par' dir='ltr' id='par_1_5' title="bbox 271 2521 1401 3377">
     <span class='ocr_line' id='line_1_15' title="bbox 280 2521 1401 2613; baseline -0.005 -22"><span class='ocrx_word' id='word_1_98' title='bbox 280 2521 442 2609; x_wconf 66' lang='grc' dir='ltr'><em>λεγόμενον</em></span> <span class='ocrx_word' id='word_1_99' title='bbox 463 2530 617 2593; x_wconf 85' lang='lat' dir='ltr'>decedere</span> <span class='ocrx_word' id='word_1_100' title='bbox 634 2531 697 2594; x_wconf 90' lang='lat' dir='ltr'>hac</span> <span class='ocrx_word' id='word_1_101' title='bbox 715 2530 853 2613; x_wconf 90' lang='lat' dir='ltr'>quidem</span> <span class='ocrx_word' id='word_1_102' title='bbox 871 2531 1132 2612; x_wconf 85' lang='lat' dir='ltr'>significatione,</span> <span class='ocrx_word' id='word_1_103' title='bbox 1159 2528 1250 2611; x_wconf 92' lang='lat' dir='ltr'>quod</span> <span class='ocrx_word' id='word_1_104' title='bbox 1269 2525 1401 2589; x_wconf 92' lang='lat' dir='ltr'>codices</span> 
     </span>
     <span class='ocr_line' id='line_1_16' title="bbox 278 2655 1400 2740; baseline -0.004 -22"><span class='ocrx_word' id='word_1_105' title='bbox 278 2664 391 2720; x_wconf 86' lang='lat' dir='ltr'>tamen</span> <span class='ocrx_word' id='word_1_106' title='bbox 417 2658 565 2719; x_wconf 92' lang='lat' dir='ltr'>maximo</span> <span class='ocrx_word' id='word_1_107' title='bbox 591 2677 753 2722; x_wconf 91' lang='lat' dir='ltr'>consensu</span> <span class='ocrx_word' id='word_1_108' title='bbox 779 2658 951 2740; x_wconf 87' lang='lat' dir='ltr'>praebent.</span> <span class='ocrx_word' id='word_1_109' title='bbox 978 2656 1045 2720; x_wconf 89' lang='lat' dir='ltr'>Sed</span> <span class='ocrx_word' id='word_1_110' title='bbox 1072 2656 1226 2740; x_wconf 89' lang='lat' dir='ltr'>quamvis</span> <span class='ocrx_word' id='word_1_111' title='bbox 1260 2655 1400 2717; x_wconf 89' lang='lat' dir='ltr'>libenter</span> 
     </span>
     <span class='ocr_line' id='line_1_17' title="bbox 279 2779 1399 2848; baseline -0.004 -3"><span class='ocrx_word' id='word_1_112' title='bbox 279 2783 435 2846; x_wconf 89' lang='lat' dir='ltr'>Ernestio</span> <span class='ocrx_word' id='word_1_113' title='bbox 471 2784 655 2847; x_wconf 89' lang='lat' dir='ltr'>concedam</span> <span class='ocrx_word' id='word_1_114' title='bbox 692 2785 962 2848; x_wconf 87' lang='lat' dir='ltr'>emendationem</span> <span class='ocrx_word' id='word_1_115' title='bbox 998 2783 1189 2847; x_wconf 83' lang='lat' dir='ltr'>cedentibus</span> <span class='ocrx_word' id='word_1_116' title='bbox 1220 2782 1317 2844; x_wconf 91' lang='lat' dir='ltr'>rebus</span> <span class='ocrx_word' id='word_1_117' title='bbox 1348 2779 1399 2842; x_wconf 90' lang='lat' dir='ltr'>vel</span> 
     </span>
     <span class='ocr_line' id='line_1_18' title="bbox 278 2910 1397 2991; baseline -0.004 -17"><span class='ocrx_word' id='word_1_118' title='bbox 278 2911 377 2974; x_wconf 89' lang='lat' dir='ltr'>tironi</span> <span class='ocrx_word' id='word_1_119' title='bbox 414 2911 445 2972; x_wconf 94' lang='lat' dir='ltr'>in</span> <span class='ocrx_word' id='word_1_120' title='bbox 481 2920 626 2974; x_wconf 89' lang='lat' dir='ltr'>mentem</span> <span class='ocrx_word' id='word_1_121' title='bbox 659 2913 788 2989; x_wconf 89' lang='lat' dir='ltr'>v&#39;enire,</span> <span class='ocrx_word' id='word_1_122' title='bbox 824 2913 858 2976; x_wconf 94' lang='lat' dir='ltr'>id</span> <span class='ocrx_word' id='word_1_123' title='bbox 890 2923 1003 2976; x_wconf 89' lang='lat' dir='ltr'>tamen</span> <span class='ocrx_word' id='word_1_124' title='bbox 1039 2912 1071 2974; x_wconf 91' lang='lat' dir='ltr'>in</span> <span class='ocrx_word' id='word_1_125' title='bbox 1096 2921 1225 2975; x_wconf 89' lang='lat' dir='ltr'>textum</span> <span class='ocrx_word' id='word_1_126' title='bbox 1251 2910 1397 2991; x_wconf 85' lang='lat' dir='ltr'>recipere</span> 
     </span>
     <span class='ocr_line' id='line_1_19' title="bbox 277 3038 1398 3122; baseline -0.003 -22"><span class='ocrx_word' id='word_1_127' title='bbox 277 3038 389 3102; x_wconf 87' lang='lat' dir='ltr'>veiim.</span> <span class='ocrx_word' id='word_1_128' title='bbox 415 3038 554 3122; x_wconf 92' lang='lat' dir='ltr'>Optime</span> <span class='ocrx_word' id='word_1_129' title='bbox 579 3040 668 3102; x_wconf 92' lang='lat' dir='ltr'>enim</span> <span class='ocrx_word' id='word_1_130' title='bbox 694 3041 790 3102; x_wconf 90' lang='lat' dir='ltr'>nobis</span> <span class='ocrx_word' id='word_1_131' title='bbox 816 3040 941 3121; x_wconf 83' lang='lat' dir='ltr'>fingere</span> <span class='ocrx_word' id='word_1_132' title='bbox 966 3059 1143 3122; x_wconf 92' lang='lat' dir='ltr'>possumus</span> <span class='ocrx_word' id='word_1_133' title='bbox 1164 3058 1226 3121; x_wconf 90' lang='lat' dir='ltr'>pro</span> <span class='ocrx_word' id='word_1_134' title='bbox 1236 3047 1398 3119; x_wconf 87' lang='lat' dir='ltr'>prospere</span> 
     </span>
     <span class='ocr_line' id='line_1_20' title="bbox 278 3162 1397 3249; baseline -0.002 -21"><span class='ocrx_word' id='word_1_135' title='bbox 278 3162 467 3229; x_wconf 80' lang='lat' dir='ltr'>cedentibus</span> <span class='ocrx_word' id='word_1_136' title='bbox 498 3165 581 3230; x_wconf 87' lang='lat' dir='ltr'>falso</span> <span class='ocrx_word' id='word_1_137' title='bbox 607 3176 782 3230; x_wconf 89' lang='lat' dir='ltr'>exaratum</span> <span class='ocrx_word' id='word_1_138' title='bbox 808 3167 908 3230; x_wconf 84' lang='lat' dir='ltr'>fuisse</span> <span class='ocrx_word' id='word_1_139' title='bbox 934 3187 993 3249; x_wconf 90' lang='lat' dir='ltr'>per</span> <span class='ocrx_word' id='word_1_140' title='bbox 1017 3167 1281 3249; x_wconf 86' lang='lat' dir='ltr'>dittographiam</span> <span class='ocrx_word' id='word_1_141' title='bbox 1300 3176 1397 3247; x_wconf 86' lang='lat' dir='ltr'>pres-</span> 
     </span>
     <span class='ocr_line' id='line_1_21' title="bbox 271 3292 1397 3377; baseline 0 -23"><span class='ocrx_word' id='word_1_142' title='bbox 271 3303 354 3374; x_wconf 88' lang='lat' dir='ltr'>perc</span> <span class='ocrx_word' id='word_1_143' title='bbox 378 3292 621 3371; x_wconf 83' lang='lat' dir='ltr'>recedentibus,</span> <span class='ocrx_word' id='word_1_144' title='bbox 648 3295 739 3377; x_wconf 94' lang='lat' dir='ltr'>quod</span> <span class='ocrx_word' id='word_1_145' title='bbox 757 3315 868 3357; x_wconf 88' lang='lat' dir='ltr'>rursus</span> <span class='ocrx_word' id='word_1_146' title='bbox 886 3295 1025 3357; x_wconf 84' lang='lat' dir='ltr'>fortasse</span> <span class='ocrx_word' id='word_1_147' title='bbox 1043 3315 1085 3356; x_wconf 93' lang='lat' dir='ltr'>ex</span> <span class='ocrx_word' id='word_1_148' title='bbox 1103 3294 1259 3376; x_wconf 85' lang='lat' dir='ltr'>analogia</span> <span class='ocrx_word' id='word_1_149' title='bbox 1277 3293 1397 3357; x_wconf 89' lang='lat' dir='ltr'>Graeci</span> 
     </span>
    </p>
   </div>
   <div class='ocr_carea' id='block_1_6' title="bbox 277 3416 1072 3504">
    <p class='ocr_par' dir='ltr' id='par_1_6' title="bbox 277 3416 1072 3504">
     <span class='ocr_line' id='line_1_22' title="bbox 277 3416 1072 3504; baseline 0.009 -24"><span class='ocrx_word' id='word_1_150' title='bbox 277 3416 463 3504; x_wconf 71' lang='lat' dir='ltr'>despuitur</span> <span class='ocrx_word' id='word_1_151' title='bbox 489 3432 674 3486; x_wconf 91' lang='lat' dir='ltr'>correctum</span> <span class='ocrx_word' id='word_1_152' title='bbox 700 3433 750 3487; x_wconf 87' lang='lat' dir='ltr'>est</span> <span class='ocrx_word' id='word_1_153' title='bbox 775 3424 807 3486; x_wconf 95' lang='lat' dir='ltr'>in</span> <span class='ocrx_word' id='word_1_154' title='bbox 832 3421 1072 3487; x_wconf 83' lang='lat' dir='ltr'>decedentibus.</span> 
     </span>
    </p>
   </div>
   <div class='ocr_carea' id='block_1_7' title="bbox 274 3674 1398 4404">
    <p class='ocr_par' dir='ltr' id='par_1_7' title="bbox 274 3674 1398 4404">
     <span class='ocr_line' id='line_1_23' title="bbox 324 3674 1398 3761; baseline 0.001 -24"><span class='ocrx_word' id='word_1_155' title='bbox 324 3674 410 3740; x_wconf 85' lang='lat' dir='ltr'>CnP.</span> <span class='ocrx_word' id='word_1_156' title='bbox 443 3692 500 3755; x_wconf 90' lang='lat'>42.</span> <span class='ocrx_word' id='word_1_157' title='bbox 548 3677 601 3752; x_wconf 90' lang='lat' dir='ltr'>Ne</span> <span class='ocrx_word' id='word_1_158' title='bbox 635 3677 709 3761; x_wconf 82' lang='lat' dir='ltr'>quis</span> <span class='ocrx_word' id='word_1_159' title='bbox 739 3679 825 3741; x_wconf 85' lang='lat' dir='ltr'>civis</span> <span class='ocrx_word' id='word_1_160' title='bbox 856 3677 968 3748; x_wconf 76' lang='lat' dir='ltr'>rudior</span> <span class='ocrx_word' id='word_1_161' title='bbox 998 3677 1099 3740; x_wconf 86' lang='lat' dir='ltr'>aureis</span> <span class='ocrx_word' id='word_1_162' title='bbox 1129 3677 1212 3754; x_wconf 88' lang='lat' dir='ltr'>XX,</span> <span class='ocrx_word' id='word_1_163' title='bbox 1247 3677 1398 3739; x_wconf 82' lang='lat' dir='ltr'>minerve</span> 
     </span>
     <span class='ocr_line' id='line_1_24' title="bbox 276 3802 1397 3889; baseline 0.002 -23"><span class='ocrx_word' id='word_1_164' title='bbox 276 3802 419 3867; x_wconf 88' lang='lat' dir='ltr'><em>XXXX</em></span> <span class='ocrx_word' id='word_1_165' title='bbox 456 3824 526 3886; x_wconf 89' lang='lat' dir='ltr'>eqs.</span> <span class='ocrx_word' id='word_1_166' title='bbox 576 3803 719 3869; x_wconf 87' lang='lat' dir='ltr'>Codices</span> <span class='ocrx_word' id='word_1_167' title='bbox 762 3808 954 3889; x_wconf 88' lang='lat' dir='ltr'>conspirant</span> <span class='ocrx_word' id='word_1_168' title='bbox 998 3808 1030 3870; x_wconf 92' lang='lat' dir='ltr'>in</span> <span class='ocrx_word' id='word_1_169' title='bbox 1066 3806 1209 3869; x_wconf 93' lang='lat' dir='ltr'>lectione</span> <span class='ocrx_word' id='word_1_170' title='bbox 1246 3807 1397 3870; x_wconf 84' lang='lat' dir='ltr'>rrrinerve</span> 
     </span>
     <span class='ocr_line' id='line_1_25' title="bbox 275 3931 1392 4017; baseline 0.003 -23"><span class='ocrx_word' id='word_1_171' title='bbox 275 3931 399 4010; x_wconf 90' lang='lat' dir='ltr'>decern,</span> <span class='ocrx_word' id='word_1_172' title='bbox 432 3933 654 3999; x_wconf 92' lang='lat' dir='ltr'>Tornacensis</span> <span class='ocrx_word' id='word_1_173' title='bbox 681 3945 793 4000; x_wconf 89' lang='lat' dir='ltr'>autem</span> <span class='ocrx_word' id='word_1_174' title='bbox 822 3958 898 4000; x_wconf 92' lang='lat' dir='ltr'>cum</span> <span class='ocrx_word' id='word_1_175' title='bbox 924 3937 1071 3999; x_wconf 89' lang='lat' dir='ltr'>editione</span> <span class='ocrx_word' id='word_1_176' title='bbox 1103 3936 1278 3998; x_wconf 89' lang='lat' dir='ltr'>Basiliensi</span> <span class='ocrx_word' id='word_1_177' title='bbox 1308 3949 1392 4017; x_wconf 82' lang='lat'>1533</span> 
     </span>
     <span class='ocr_line' id='line_1_26' title="bbox 276 4059 1395 4147; baseline 0.002 -25"><span class='ocrx_word' id='word_1_178' title='bbox 276 4080 337 4142; x_wconf 93' lang='lat' dir='ltr'>pro</span> <span class='ocrx_word' id='word_1_179' title='bbox 378 4059 485 4122; x_wconf 88' lang='lat' dir='ltr'>decem</span> <span class='ocrx_word' id='word_1_180' title='bbox 523 4062 662 4126; x_wconf 91' lang='lat' dir='ltr'>exhibet</span> <span class='ocrx_word' id='word_1_181' title='bbox 705 4063 959 4147; x_wconf 58' lang='lat' dir='ltr'>quadragintas</span> <span class='ocrx_word' id='word_1_182' title='bbox 995 4063 1214 4127; x_wconf 87' lang='lat' dir='ltr'>Casaubonus</span> <span class='ocrx_word' id='word_1_183' title='bbox 1250 4061 1395 4145; x_wconf 91' lang='lat' dir='ltr'>denique</span> 
     </span>
     <span class='ocr_line' id='line_1_27' title="bbox 276 4188 1395 4274; baseline 0.004 -25"><span class='ocrx_word' id='word_1_184' title='bbox 276 4189 418 4252; x_wconf 92' lang='lat' dir='ltr'>coniecit</span> <span class='ocrx_word' id='word_1_185' title='bbox 441 4188 703 4272; x_wconf 78' lang='lat' dir='ltr'>quinquaginta.</span> <span class='ocrx_word' id='word_1_186' title='bbox 753 4191 799 4254; x_wconf 93' lang='lat' dir='ltr'>Et</span> <span class='ocrx_word' id='word_1_187' title='bbox 824 4200 912 4254; x_wconf 89' lang='lat' dir='ltr'>recte</span> <span class='ocrx_word' id='word_1_188' title='bbox 937 4191 1075 4274; x_wconf 89' lang='lat' dir='ltr'>quidem</span> <span class='ocrx_word' id='word_1_189' title='bbox 1099 4192 1161 4255; x_wconf 91' lang='lat' dir='ltr'>viri</span> <span class='ocrx_word' id='word_1_190' title='bbox 1197 4190 1288 4254; x_wconf 86' lang='lat' dir='ltr'>docti</span> <span class='ocrx_word' id='word_1_191' title='bbox 1314 4191 1395 4254; x_wconf 92' lang='lat' dir='ltr'>illud</span> 
     </span>
     <span class='ocr_line' id='line_1_28' title="bbox 274 4315 1396 4404; baseline 0.003 -25"><span class='ocrx_word' id='word_1_192' title='bbox 274 4315 383 4379; x_wconf 89' lang='lat' dir='ltr'>decem</span> <span class='ocrx_word' id='word_1_193' title='bbox 405 4317 683 4400; x_wconf 88' lang='lat' dir='ltr'>inprobaverunt,</span> <span class='ocrx_word' id='word_1_194' title='bbox 704 4338 780 4381; x_wconf 92' lang='lat' dir='ltr'>cum</span> <span class='ocrx_word' id='word_1_195' title='bbox 798 4318 840 4381; x_wconf 92' lang='lat' dir='ltr'>de</span> <span class='ocrx_word' id='word_1_196' title='bbox 865 4319 977 4402; x_wconf 92' lang='lat' dir='ltr'>pueris</span> <span class='ocrx_word' id='word_1_197' title='bbox 994 4320 1050 4382; x_wconf 92' lang='lat' dir='ltr'>hic</span> <span class='ocrx_word' id='word_1_198' title='bbox 1074 4321 1129 4402; x_wconf 85' lang='lat' dir='ltr'>agi</span> <span class='ocrx_word' id='word_1_199' title='bbox 1154 4341 1221 4384; x_wconf 91' lang='lat' dir='ltr'>non</span> <span class='ocrx_word' id='word_1_200' title='bbox 1240 4341 1338 4404; x_wconf 90' lang='lat' dir='ltr'>posse</span> <span class='ocrx_word' id='word_1_201' title='bbox 1364 4320 1396 4382; x_wconf 93' lang='lat' dir='ltr'>in</span> 
     </span>
    </p>
   </div>
   <div class='ocr_carea' id='block_1_8' title="bbox 275 4445 1398 4533">
    <p class='ocr_par' dir='ltr' id='par_1_8' title="bbox 275 4445 1398 4533">
     <span class='ocr_line' id='line_1_29' title="bbox 275 4445 1398 4533; baseline 0.003 -23"><span class='ocrx_word' id='word_1_202' title='bbox 275 4445 454 4533; x_wconf 89' lang='lat' dir='ltr'>propatulo</span> <span class='ocrx_word' id='word_1_203' title='bbox 478 4447 539 4527; x_wconf 89' lang='lat' dir='ltr'>sit,</span> <span class='ocrx_word' id='word_1_204' title='bbox 566 4447 795 4531; x_wconf 90' lang='lat' dir='ltr'>unusquisque</span> <span class='ocrx_word' id='word_1_205' title='bbox 819 4468 898 4511; x_wconf 90' lang='lat' dir='ltr'>vero</span> <span class='ocrx_word' id='word_1_206' title='bbox 924 4458 1000 4530; x_wconf 91' lang='lat' dir='ltr'>post</span> <span class='ocrx_word' id='word_1_207' title='bbox 1035 4449 1189 4514; x_wconf 83' lang='lat' dir='ltr'>minerve</span> <span class='ocrx_word' id='word_1_208' title='bbox 1224 4457 1398 4533; x_wconf 89' lang='lat' dir='ltr'>exspectet</span> 
     </span>
    </p>
   </div>
   <div class='ocr_carea' id='block_1_9' title="bbox 0 0 1632 5212">
    <p class='ocr_par' dir='ltr' id='par_1_9' title="bbox 0 0 1632 5212">
     <span class='ocr_line' id='line_1_30' title="bbox 0 0 1632 5212; baseline 0 2"><span class='ocrx_word' id='word_1_209' title='bbox 0 0 1632 5212; x_wconf 95' lang='lat' dir='ltr'> </span> 
     </span>
    </p>
   </div>
  </div>
 </body>
</html>
