3254 5212
792 503 869 609 s's¹

253 721 359 782 cessit.
387 721 449 782 Per
473 719 629 801 copulam
652 729 685 781 et
710 717 890 782 Suetonius
912 719 1133 800 significasset
1150 726 1281 800 praeter
1298 715 1372 779 illos
1432 702 1434 708 ἲ

252 857 420 910 senatores
457 847 706 928 indignissimos
743 847 843 909 fuisse
880 867 953 932 eos,
992 847 1049 927 qui
1087 866 1146 927 per
1170 846 1313 926 gratiam
1339 853 1372 907 et

252 978 436 1058 praemium
459 978 580 1038 adlecti
601 985 718 1038 essent.
746 974 813 1038 Sed
832 976 866 1037 hi
884 977 946 1056 ipsi
959 975 1011 1037 vel
1026 975 1109 1037 inter
1123 973 1370 1054 indignissimos

251 1103 446 1166 numerandi
471 1114 556 1166 sunt.
572 1103 685 1166 —Sic
711 1103 852 1184 Vespas.
881 1120 921 1181 23
941 1103 1032 1182 legas
1051 1121 1181 1162 mecum
1204 1099 1371 1164 Utebatur

250 1243 282 1292 et
306 1233 456 1294 versibus
484 1231 620 1295 Graccis
646 1231 839 1312 tempestive
862 1231 961 1306 salic,
989 1239 1027 1290 ut
1052 1229 1091 1290 de
1115 1228 1258 1312 quodam
1284 1250 1369 1309 eqs,

251 1361 306 1421 ubi
333 1360 470 1423 Memm.
498 1360 600 1420 habet
624 1369 680 1432 et,
716 1360 768 1419 cui
795 1358 1020 1420 emendationi
1044 1359 1207 1438 scriptura
1232 1358 1371 1420 nonnul-

249 1486 354 1549 lorum
380 1487 534 1550 codicum
560 1488 635 1567 (eg.
663 1485 812 1548 Vindob.
840 1484 947 1563 Harl.)
973 1496 1006 1545 et
1031 1495 1069 1545 ut
1095 1486 1241 1546 maxime
1267 1487 1365 1549 favet.

249 1615 409 1678 Similiter
441 1614 530 1694 Aug.
566 1631 605 1694 91
645 1613 822 1693 legendum
857 1622 906 1675 est
924 1625 990 1693 per
1014 1634 1108 1674 oraine
1131 1635 1190 1677 ver
1211 1613 1369 1694 plurima

248 1754 281 1805 et
297 1742 627 1826 forrrtidztlosissr‘ma
654 1750 805 1803 actuaria
832 1752 864 1802 et
890 1741 1013 1816 irrita,
1042 1744 1120 1822 quia
1147 1743 1221 1804 ideo
1240 1745 1369 1806 somnia

205 1956 208 1962 ,
248 1871 465 1933 formidulosa
486 1879 579 1945 sunt,
606 1869 698 1950 quod
728 1891 813 1931 vana
839 1878 915 1932 sunt
939 1879 971 1930 et
996 1891 1014 1930 a
1039 1890 1117 1931 vero
1142 1869 1367 1935 abhorrentia.

247 2000 352 2062 Recte
390 1998 585 2061 Torrentius
622 1999 736 2079 (adh.
763 1998 815 2080 l.):
851 2019 912 2076 „ea
947 2007 1021 2059 sunt
1050 1998 1179 2059 somnia
1204 2000 1367 2062 naturalia

247 2130 400 2209 quidem:
435 2130 492 2190 sed
528 2148 613 2208 quae
639 2126 821 2188 exhibeant
847 2147 957 2188 rerum
983 2128 1111 2207 species
1137 2135 1169 2189 et
1195 2125 1250 2188 οὐκ
1274 2124 1366 2198 oi'oou

245 2277 284 2317 ac
315 2255 462 2336 proinde
497 2254 694 2316 terribile's''.
738 2254 836 2315 Nunc
873 2253 940 2315 duo
976 2256 1152 2319 verborum
1191 2259 1283 2338 paria
1317 2280 1365 2320 re-

245 2404 460 2464 cuperamus,
498 2404 585 2464 quae
621 2384 684 2444 sibi
719 2381 937 2464 respondent:
973 2382 1123 2461 plurimis
1148 2387 1285 2446 somniis
1306 2407 1365 2467 op-

244 2520 410 2592 ponuntur
426 2512 568 2586 rariora,
595 2507 820 2571 formidulosis
841 2509 939 2590 (quae
957 2512 1143 2573 accuratius
1160 2513 1364 2578 definiuntur

241 2641 351 2702 verbis
384 2649 423 2701 ut
450 2660 538 2702 varta
564 2649 597 2700 et
623 2638 743 2718 irrita)
769 2648 881 2699 autem
908 2640 1015 2700 minus
1039 2661 1124 2704 vana
1149 2645 1288 2705 somnia.
1316 2681 1359 2690 -

243 2765 398 2829 Ceterum
416 2767 632 2848 symmetriae
649 2785 752 2845 quam
771 2760 918 2826 maxime
936 2764 1133 2830 Suetonium
1156 2769 1362 2834 consuluisse

243 2903 358 2956 notum
384 2902 443 2955 est.

287 3146 371 3209 CAP.
401 3164 453 3226 39.
482 3147 631 3206 Maxime
649 3145 773 3206 turbati
792 3155 867 3208 sunt
887 3145 960 3206 libri
981 3149 1195 3228 manuscripti
1216 3150 1248 3210 in
1267 3151 1360 3214 initio

239 3273 336 3334 huius
358 3274 493 3352 capitiS,
521 3273 577 3333 ubi
604 3273 741 3333 Momm.
769 3271 826 3332 dat
853 3271 888 3332 in
913 3273 1126 3352 exprobans,
1160 3275 1248 3338 Med.
1279 3296 1294 3357 3
1324 3279 1359 3339 in

237 3399 474 3481 exprobratis,
502 3400 557 3460 alii
583 3400 727 3479 denique
753 3421 794 3459 ex
820 3399 1060 3480 z'nrprobratm,
1089 3422 1173 3482 quas
1198 3403 1356 3467 lectiones

237 3537 272 3589 ut
296 3528 432 3589 ¹vitiosas
466 3537 658 3609 spernentes
683 3528 785 3608 vulgo
814 3529 928 3608 legunt
952 3549 994 3588 cx
1023 3528 1234 3609 irnprobatz's.
1286 3531 1357 3594 Au-

234 3665 349 3736 gustus
384 3657 483 3736 igitur
516 3677 558 3716 ex
592 3656 761 3735 equitibus
796 3655 994 3737 improbatis
1028 3656 1060 3735 (i.
1088 3677 1116 3718 e.
1152 3657 1354 3738 repudiatiS,

233 3783 377 3858 reiectis,
404 3784 551 3859 remotis3
571 3781 611 3844 cf.
639 3781 708 3845 Cic.
728 3803 760 3863 p.
781 3783 882 3846 Rosc.
903 3802 989 3844 com.
1014 3797 1049 3860 15
1072 3791 1213 3860 „testem
1233 3785 1355 3868 impro-

234 3909 339 3973 bare”
374 3931 406 3992 p.
440 3911 537 3972 Font.
571 3910 604 3990 4)
639 3909 722 3971 alios
751 3930 859 3990 poena
877 3910 1005 3985 affecit,
1041 3910 1124 3972 alios
1150 3913 1352 3992 ignominia,

234 4059 344 4101 rursus
369 4037 479 4119 plures
513 4037 740 4099 admonitione
778 4057 885 4118 eaque
923 4035 1089 4098 interdum
1119 4038 1287 4102 lenissima
1322 4044 1353 4104 in

233 4167 384 4229 ordinem
426 4167 564 4246 redegit.
615 4166 682 4229 Sed
716 4188 790 4242 eos,
835 4186 920 4246 quos
959 4173 1088 4227 tantum
1126 4167 1353 4232 admonitione

233 4295 332 4357 officii
378 4295 650 4371 commonefecit,
694 4297 901 4376 improbatos
940 4297 959 4358 i.
995 4317 1022 4358 e.
1053 4295 1353 4377 ἀποδοκιμαςθίντας

232 4423 422 4508 fuisse'vix
460 4422 550 4485 credi
583 4432 703 4503 potest.
735 4460 778 4468 —
804 4423 918 4488 Potius
944 4445 986 4488 ex
1011 4423 1141 4488 traditis
1167 4425 1351 4490 litterarum
