3254 5212
718 536 796 602 ,29

193 723 370 805 ‚tellegere
399 725 536 787 omnino
560 732 626 818 non
652 745 841 806 possumus.
891 723 981 786 Nam
1007 723 1062 787 hic
1088 722 1130 800 de
1154 722 1337 802 zeugmatis

214 853 319 934 figura
345 854 485 934 cogitari
518 874 586 915 non
609 863 733 936 potest,
754 854 841 935 ¹quia
869 853 1009 916 verbum
1040 852 1182 936 iaciendi
1206 859 1335 915 tantum

215 980 412 1062 quadratio
435 982 580 1062 stipem,
607 1000 710 1062 quam
737 980 768 1042 in
794 979 904 1042 lacum
930 978 1022 1042 Curti
1052 978 1259 1062 deiciebant,
1277 977 1336 1048 sed

213 1129 323 1189 neque
361 1109 470 1190 ipsum
501 1128 619 1189 neque,
648 1107 756 1169 simile
791 1107 931 1169 verbum
968 1104 1105 1187 aliquod
1139 1127 1219 1174 ,cum
1255 1126 1338 1169 voce

211 1244 327 1297 strena
345 1235 639 1316 coniungipotest.
675 1233 891 1315 Quamquam
918 1233 1009 1315 quod
1035 1231 1337 1314 suppletDukerus
1398 1285 1401 1292 .

212 1362 350 1424 verbum
375 1381 421 1433 sc,
447 1359 671 1442 conferebant
690 1359 841 1441 lapidum
864 1361 1063 1431 testimoniis
1085 1360 1335 1444 confirmatum,

212 1507 278 1551 non
303 1488 533 1570 recipiendum
559 1508 630 1550 esse
657 1487 739 1548 mihi
757 1488 906 1564 videtur,
932 1489 1013 1569 quia
1038 1489 1108 1551 sine
1133 1487 1238 1550 dubio
1255 1487 1336 1551 Sue-

212 1617 321 1686 tonius
338 1617 524 1698 scripsisset
542 1615 577 1678 in
600 1615 820 1704 Capitolium.
857 1617 947 1678 Num
966 1617 1050 1679 forte
1074 1616 1192 1678 lacuna
1209 1615 1336 1697 expleri
1432 1659 1434 1666 ,

211 1753 322 1826 potest
362 1724 423 1815 ex·
448 1744 619 1808 simillimo
657 1745 689 1806 in
724 1744 896 1826 Caligulae
931 1745 999 1824 vita
1036 1743 1129 1820 locu,
1169 1742 1251 1825 Cap.
1288 1761 1334 1821 ,42
1359 1808 1372 1814 ,ὴ

211 1871 330 1950 „stetit
355 1871 570 1946 investibulo
595 1870 733 1933 aedium
753 1871 830 1934 Kal.
858 1873 926 1934 Ian.
946 1870 988 1933 ad
1014 1869 1200 1953 captandas
1217 1872 1336 1953 stipes,

212 2019 296 2079 quas
321 1998 427 2080 plenis
445 2010 520 2062 ante
538 2021 615 2062 eum
637 2000 792 2062 manibus
811 2020 855 2080 ac„
868 2000 941 2062 sinu
965 1999 1073 2062 omnis
1091 1998 1222 2080 generis
1239 2000 1344 2082 turba,

204 2125 433 2209 fundebat.'²?
471 2147 475 2153 ·

260 2379 346 2445 CAP.
367 2380 422 2445 68.
474 2379 629 2443 Salmasii
655 2380 765 2443 codex
786 2382 856 2444 sive
874 2381 1098 2443 Memmianus
1116 2401 1176 2462 pro
1201 2400 1335 2442 versum

206 2507 249 2578 ,in
272 2528 391 2570 scaena
409 2508 676 2590 pronuntiatum
703 2509 842 2571 exhibet
861 2529 960 2587 versu
983 2509 1018 2570 in
1042 2529 1162 2580 scaena
1180 2519 1333 2590 pruriun-

214 2635 318 2712 tr'at0,
344 2635 397 2696 cui
422 2635 586 2698 accedunt
606 2634 729 2698 Medic.
761 2654 823 2715 1.3.
843 2645 875 2698 et
906 2636 1068 2699 Torrentii
1094 2636 1215 2713 codd.;
1235 2655 1333 2702 versu

211 2783 331 2834 scaena
347 2763 577 2846 pronuntiato
602 2773 714 2828 autem
740 2774 850 2828 exstat
875 2765 907 2827 in
932 2765 1033 2827 Periz.
1055 2761 1211 2826 ,Harlem
1239 2761 1333 2825 editt.

213 2891 352 2954 Venetis
376 2893 492 2956 tribus
543 2892 572 2954 E
599 2893 721 2973 quibus
739 2891 939 2966 lectionibus
964 2893 1073 2954 efficio
1091 2893 1123 2954 in
1148 2891 1334 2974 archetypo

214 3018 328 3106 luisse
346 3039 479 3082 versum
504 3039 624 3080 scaena
642 3019 932 3099 pronuntiatum,
968 3040 1028 3100 pro
1054 3040 1121 3100 quo
1147 3028 1183 3081 ut
1211 3018 1336 3099 saepis-

183 3144 185 3149 ’
214 3148 297 3210 sime
322 3147 360 3210 fit
378 3148 497 3210 vitiose
521 3127 645 3210 lectum
670 3157 720 3210 est
744 3168 842 3210 versu
867 3168 937 3230 eqs.
986 3147 1106 3209 Postea
1130 3167 1209 3209 vero
1235 3147 1335 3208 etiam

207 3276 472 3358 pronuntiatum
500 3286 686 3339 correctum
712 3287 762 3339 est
788 3278 819 3344 in
837 3275 1095 3359 pronuntiate,¹
1112 3284 1148 3337 ut
1172 3275 1335 3336 sententia

213 3406 277 3467 sibi
302 3413 478 3483 constaret.
508 3405 663 3486 Denique
689 3406 973 3487 praepositionem
999 3403 1034 3466 r'rz
1060 3402 1193 3466 addidit
1218 3403 1262 3479 is,
1281 3402 1334 3464 cui

214 3534 322 3597 nudus
346 3533 511 3596 ablativus
536 3534 701 3597 offensam
727 3535 893 3617 praebuit.
944 3532 1018 3609 Sed,
1038 3533 1167 3606 ¹notum*
1184 3540 1234 3593 est
1260 3530 1337 3593 inde

214 3683 234 3724 a
271 3660 392 3750 Tacito
430 3683 526 3724 usum
562 3661 724 3743 simplicis
758 3660 895 3724 ablativi
928 3680 989 3742 pro
1025 3658 1061 3721 in
1086 3671 1162 3721 cum
1188 3627 1335 3724 ablativo

215 3797 312 3853 antea
337 3788 437 3872 apud·
453 3798 571 3873 poetas
596 3789 685 3852 solos
710 3788 847 3851 obvium
873 3787 1137 3871 percrebruisse,
1165 3785 1210 3849 ita
1236 3793 1272 3848 ut
1291 3773 1336 3847 ¹iis

215 3916 305 4000 apud
330 3917 527 3981 Suetonium
558 3916 640 3978 loeis
666 3916 723 3978 ubi
757 3916 891 3989 codices
925 3915 1087 3978 fluctuent
1113 3934 1189 3976 eum
1214 3913 1336 3976 librum

214 4044 423 4127 sequendum
449 4065 520 4106 esse
542 4052 675 4124 putem,
702 4043 760 4123 qui
778 4042 1062 4123 praepositionem
1080 4061 1145 4103 non
1164 4048 1335 4121 agnoscat.

216 4172 257 4238 cf.
272 4171 362 4254 Aug.
380 4189 423 4252 43
443 4171 545 4252 „fecit
569 4170 666 4233 ludos
680 4170 830 4252 pluribus
847 4168 1010 4233 scaenis.''
1037 4168 1120 4231 Tac.
1147 4167 1237 4229 Anu.
1252 4165 1336 4228 XIV

217 4318 261 4367 20
285 4299 473 4381 „theatro”
512 4299 721 4382 Nipperdey.
740 4298 784 4362 ad
809 4298 893 4362 Tac.
926 4297 1017 4370 Ann.
1043 4296 1089 4358 ΙΙΙ
1107 4294 1162 4358 61.
1188 4295 1339 4376 Draeger

215 4429 249 4494 ll.
275 4449 308 4510 p.
336 4445 390 4510 27.
439 4426 660 4509 Oudendorp.
685 4426 728 4490 ad
754 4426 787 4494 h.
806 4427 827 4491 l.
854 4435 886 4490 et
911 4425 953 4488 ad
980 4424 1072 4506 Suet.
1099 4421 1194 4495 Caes.
1223 4438 1286 4502 39..
