3254 5212
767 585 784 648 3

213 746 325 832 autem
358 769 440 832 locis
465 745 651 851 dequibus
677 769 760 833 infra
785 777 918 833 acturus
942 789 1016 831 sum
1041 768 1107 830 hoc.
1131 741 1212 831 vero
1237 783 1335 848 spero

213 896 282 984 fore
307 907 343 960 ut
367 905 529 978 appareat
553 897 655 959 etiam
681 897 713 959 in
739 896 812 958 aliis
837 896 1011 958 codicibus
1036 903 1138 977 atque
1156 897 1189 958 in
1206 893 1337 958 Salma-

213 1025 307 1086 siano
335 1024 457 1087 multas
479 1024 637 1086 lectiones
663 1023 801 1086 inveniri
826 1023 925 1106 plane
950 1023 1069 1104 dignas
1094 1043 1182 1106 quae
1207 1024 1240 1085 in
1265 1030 1338 1085 tex·

214 1163 286 1216 tum
311 1153 524 1234 recipiantur.
555 1151 693 1234 Optime
718 1151 856 1241 quidem
881 1151 1027 1214 Rothius
1052 1151 1173 1214 meruit
1196 1150 1239 1215 de
1257 1149 1340 1214 Sue-

214 1281 308 1345 tonio
337 1278 428 1361 quod
463 1281 647 1344 maximam
672 1280 828 1350 codicum
853 1280 987 1364 copiam
1012 1280 1132 1346 saltem
1156 1278 1270 1360 aliqua
1296 1298 1340 1341 ex

100 1441 104 1452 .
216 1416 310 1489 parte
343 1406 483 1488 digessit
512 1427 552 1470 ac
584 1408 767 1485 ordinavit,
801 1408 861 1470 sed
886 1406 1035 1471 nondum
1060 1428 1101 1470 eo
1126 1407 1339 1489 pervenimus
1419 1485 1422 1490 1

216 1543 252 1598 ut
282 1542 374 1597 certo
407 1535 552 1597 sciamus
581 1554 649 1616 quo
676 1535 732 1597 filo
757 1555 869 1617 quove
892 1543 1071 1604 stemmate
1100 1533 1221 1615 singuli
1247 1532 1343 1597 codi-

142 1667 146 1676 '
216 1683 272 1725 ces
306 1664 390 1725 inter
420 1683 456 1725 se
484 1662 703 1738 cohaereant,
730 1681 815 1743 quos
840 1663 1053 1744 potissimum
1086 1662 1119 1724 in
1151 1669 1245 1725 textu
1263 1680 1344 1724 con-

216 1791 386 1854 stituendo
418 1790 515 1853 nobis
548 1789 651 1853 duces
683 1790 805 1872 eligere
839 1790 1034 1855 debeamus,
1083 1788 1186 1873 Quod
1216 1789 1344 1854 utinam
1371 1827 1375 1831 -

216 1918 360 1980 aliorum
386 1899 699 1998 investigationibus
729 1938 811 1980 mox
835 1925 1048 1998 perspectum
1074 1916 1271 1979 habeamus.
1298 1951 1343 1961 —

220 2045 299 2108 Sine
324 2044 391 2107 ullo
417 2044 522 2107 dubio
549 2045 774 2108 Memmianus
804 2044 914 2108 codex
938 2064 1019 2127 prae
1043 2043 1162 2107 ceteris
1189 2040 1347 2105 laudibus

220 2173 407 2237 efferendus
443 2183 510 2251 est,
547 2194 663 2237 verum
700 2173 824 2236 multos
847 2173 931 2235 alios
964 2172 1066 2235 libros
1100 2172 1347 2253 manuscriptos

194 2309 196 2316 ’
222 2302 389 2365 immerito
413 2302 443 2363 ei
473 2303 678 2384 postpositos
703 2323 775 2364 esse
800 2300 883 2363 mihi
911 2308 1051 2364 constat.
1100 2299 1230 2376 Dole0,
1255 2298 1347 2382 quod

224 2429 305 2492 mihi
334 2429 433 2512 copia
469 2449 534 2491 non
565 2429 628 2491 suit
659 2427 793 2492 codices
818 2427 1042 2492 Suetonianos
1066 2425 1265 2512 inspiciendi
1288 2426 1348 2490 sed

129 2645 132 2650 ,
222 2577 289 2620 non
321 2557 393 2619 sine
422 2556 509 2619 iusta
534 2576 634 2619 causa
660 2575 779 2618 censeo
805 2555 917 2626 multis
943 2555 1054 2619 adhuc
1079 2555 1244 2639 corruptis
1266 2553 1349 2618 locis

223 2664 314 2769 apud
346 2667 495 2748 nostrum
527 2704 628 2766 opem
661 2683 766 2747 latum
800 2684 838 2746 iri
862 2684 890 2746 si
923 2683 1026 2747 etiam
1050 2684 1151 2747 ceteri
1177 2683 1253 2747 libri
1279 2703 1350 2746 ma·

223 2815 383 2899 nuscripti
407 2821 563 2878 accurate
587 2811 700 2875 collati
725 2820 759 2874 et
782 2811 935 2895 dispositi
953 2822 1060 2876 erunt.
1090 2812 1247 2876 Fortasse
1264 2831 1348 2895 prae

223 2943 341 3006 ceteris
385 2962 428 3005 ex
472 2940 589 3005 codice
630 2937 886 3002 Vindobonensi
927 2939 1054 3022 primo,
1091 2939 1186 3002 cuius
1223 2951 1350 3022 paucas

223 3070 382 3134 lectiones
424 3068 572 3152 exempli
616 3088 717 3132 causa
761 3068 817 3130 hic
854 3067 1041 3151 proferam,
1084 3086 1131 3130 sc.
1166 3064 1263 3130 Caes
1306 3083 1350 3148 29

224 3197 401 3282 difficilius
429 3195 623 3279 principem
653 3173 723 3278 eds.
760 3194 852 3276 Aug.
894 3209 932 3275 17
966 3191 1113 3257 Italiam
1138 3193 1249 3276 (simul
1273 3214 1350 3258 cum

226 3323 346 3406 Cort.),
371 3323 463 3405 Aug.
488 3339 532 3401 42
551 3331 632 3405 post
654 3342 705 3399 se,
732 3342 864 3384 summo
882 3321 952 3384 iure
969 3342 989 3384 a
1006 3320 1135 3385 Rothio
1151 3321 1352 3404 comproba·

224 3461 314 3529 tum,
348 3472 456 3534 aeque
489 3470 530 3513 ac
555 3450 647 3532 quod
672 3449 765 3531 Aug.
791 3447 837 3531 69
862 3449 1042 3513 exhibetur
1065 3448 1166 3523 oiro;
1189 3448 1280 3531 Aug.
1306 3427 1352 3534 89

225 3579 460 3661 compositione
476 3577 616 3662 aliquid
629 3577 788 3655 auderet,
815 3577 928 3661 (plane
945 3576 1266 3640 commemoratione
1278 3574 1352 3657 dig-

225 3708 337 3792 num),
362 3707 454 3788 Aug.
481 3721 523 3788 97
550 3704 864 3782 circumvolitavit,
890 3707 934 3789 98
960 3714 1205 3788 congesserunt.
1246 3703 1351 3788 Vesp.

229 3851 244 3916 5
272 3856 350 3900 cum
374 3834 541 3898 Torrentii
566 3832 739 3897 codicibus
763 3841 854 3896 recte
877 3852 1000 3895 nomen
1025 3832 1197 3916 proprium
1214 3829 1353 3894 Betria·

226 3963 316 4026 censi
327 3971 461 4039 exarat,
483 3982 588 4044 quum
602 3962 634 4024 in
652 3962 770 4024 ceteris
788 3968 897 4024 exstet
914 3958 1130 4023 Bretiocensi
1138 4009 1146 4036 ,
1165 3958 1270 4041 Vesp.
1285 3956 1307 4020 6
1320 3957 1353 4020 V

227 4091 306 4155 Kal.
335 4090 396 4155 Iul.
423 4089 477 4172 (cf.
496 4109 550 4151 me
575 4088 658 4153 inira
675 4089 718 4152 ad
744 4088 777 4151 h.
803 4087 838 4171 l.)
856 4086 960 4169 Vesp.
976 4103 1017 4167 23
1033 4084 1214 4149 nuntianti
1226 4084 1349 4167 legato.

228 4217 300 4282 Cal.
328 4219 370 4298 38
396 4215 529 4280 delebat
553 4216 624 4297 (ubi
649 4213 870 4298 Oudendorp.
895 4214 1046 4278 defendit
1070 4213 1267 4277 Memmiani
1288 4211 1354 4276 lec-

227 4347 354 4409 tionem
379 4343 574 4428 deflabatt).
623 4341 708 4406 Sunt
724 4342 809 4406 haec
834 4362 900 4405 non
916 4342 1023 4405 multa
1048 4317 1186 4423 quidem
1211 4340 1270 4403 sed
1295 4360 1355 4403 nu·

230 4492 357 4537 merum
384 4457 624 4556 praestantium
649 4470 831 4533 lectionum
857 4471 889 4533 in
914 4470 979 4532 hoc
1004 4469 1121 4534 codice
1138 4475 1351 4532 exaratorum

1205 4578 1238 4640 ι*
