3254 5212
787 573 802 639 5

230 761 357 826 absolvi
383 764 505 845 possit:
531 784 576 828 sc.
603 762 694 845 Aug.
723 779 763 845 53
791 786 834 827 ex
857 763 949 828 Med.
970 781 1000 844 3.
1019 763 1167 829 Vindob.
1192 765 1357 846 lgrendi

230 889 300 952 inm
338 900 464 954 ereeatn
504 893 691 955 necessario
732 892 967 957 deducendum
1009 902 1058 956 est
1096 894 1127 955 in
1169 892 1354 976 archetypo

229 1017 330 1080 fuisse
360 1017 535 1100 grandior
570 1019 639 1082 inne
674 1028 781 1094 eentn,·
818 1019 913 1084 Caes,
943 1023 985 1100 78
1019 1029 1053 1083 et
1080 1041 1136 1083 nec
1161 1020 1353 1098 destiterit,

230 1145 306 1209 coll.
333 1144 429 1208 Caes.
456 1145 498 1227 67
526 1147 760 1226 corrigendum
786 1157 836 1210 est
862 1149 894 1210 in
919 1168 976 1210 nec
1000 1147 1175 1211 destiterit
1184 1171 1191 1226 ;
1218 1148 1290 1213 Cal.
1311 1166 1355 1229 34

229 1273 453 1356 minimaeque
477 1273 654 1336 doctrinae
679 1273 733 1357 (cf.
759 1273 850 1355 Aug.
877 1291 939 1356 74,
966 1277 1023 1339 ubi
1048 1276 1194 1340 Rothius
1211 1298 1230 1339 a
1247 1278 1354 1340 Mem-

228 1403 341 1464 miano
367 1401 548 1483 praebente
574 1421 638 1462 reon
663 1401 805 1464 minimo
829 1413 966 1485 snmptn
992 1413 1081 1484 recte
1106 1405 1258 1488 descivit)
1282 1426 1353 1468 cor-

229 1531 318 1612 rigas
345 1530 377 1591 in
402 1528 591 1612 nimiaeque
615 1529 802 1594 doetrinae.
817 1568 861 1576 -
875 1530 923 1595 Ut
948 1533 981 1593 in
1002 1532 1210 1613 praefatione
1234 1531 1350 1611 decet,

228 1658 470 1722 dissertationis
495 1668 728 1739 argumentum
755 1659 856 1722 modo
890 1660 1006 1723 leviter
1038 1662 1234 1743 perstrinxi,
1265 1670 1353 1725 cete-

230 1810 303 1852 rum
329 1808 372 1850 ex
396 1787 534 1868 singulis
570 1787 653 1849 locis
690 1789 840 1851 tractatis
879 1789 1085 1852 manifestius
1111 1790 1185 1867 fiet,
1212 1791 1294 1873 quid
1320 1792 1352 1854 in

227 1917 376 1980 editione
402 1915 574 1979 Rothiana
599 1916 859 1997 improbandum
885 1937 957 1979 esse
981 1913 1146 1982 censeam.
1322 1886 1326 1893 ¹

274 2045 341 2109 Sed
380 2046 447 2108 iam
483 2044 574 2106 satis.
624 2041 775 2105 Suetonii
808 2043 967 2106 studiosis
992 2043 1151 2106 instanter
1175 2044 1352 2108 assuadere

225 2173 326 2236 velim
353 2181 389 2235 ut
414 2171 515 2234 etiam
540 2178 667 2232 veteres
692 2168 856 2232 editiones
882 2171 978 2251 (inter
995 2191 1079 2252 quas
1096 2170 1197 2233 effero
1215 2170 1351 2234 Ouden-

226 2299 355 2381 dorpii‚
401 2296 796 2378 Baumgarten—Crusii)
838 2298 993 2360 manibus
1032 2306 1181 2373 versent,
1224 2299 1350 2380 quippe

227 2449 369 2511 quarum
395 2427 512 2489 merita
537 2435 606 2488 tam
633 2426 665 2486 in
690 2423 901 2487 emendando
926 2446 1029 2507 quam
1051 2426 1083 2486 in
1101 2427 1349 2508 interpretando

225 2556 426 2640 Tranquillo
448 2563 560 2617 nostro
580 2553 633 2616 vel
646 2554 804 2616 maxima
822 2554 896 2616 sint.
935 2552 1051 2634 Atque
1066 2555 1195 2617 etiamsi
1209 2554 1350 2618 libenter

224 2705 369 2766 agnosco
395 2705 414 2746 a
439 2682 567 2745 Rothio
588 2681 792 2744 Suetoniana
809 2681 920 2744 studia
939 2683 1086 2744 maxime
1104 2691 1137 2746 et
1153 2685 1349 2747 resuscitata

223 2823 255 2876 et
288 2822 442 2895 promota
468 2832 557 2887 esse,
592 2820 704 2873 tamen
728 2811 826 2874 valde
850 2810 1032 2873 desiderari
1058 2821 1139 2893 puto
1165 2811 1347 2875 editionem

221 2950 291 3004 tam
328 2941 543 3003 constitutam
577 2960 620 3000 ex
649 2939 814 3000 bonorum
840 2936 995 3000 codicum
1021 2938 1219 3001 lectionibus
1244 2961 1346 3021 quam

220 3068 370 3130 adiutam
408 3066 633 3149 sagacissimis
678 3065 869 3127 criticorum
910 3066 1118 3128 commentis.
1181 3065 1281 3148 Quod
1319 3070 1345 3130 si

221 3195 501 3285 demonstravisse
536 3195 626 3256 visus
667 3213 724 3254 ero
765 3192 962 3270 lectoribus,
1005 3201 1077 3255 tum
1118 3214 1185 3255 non
1226 3195 1345 3258 frustra

220 3343 357 3407 operam
396 3323 580 3404 impensam
618 3342 690 3384 esse
729 3321 810 3383 mihi
848 3321 1025 3384 constabit.
1074 3323 1241 3404 Imprimis
1265 3345 1344 3386 vero

218 3472 316 3534 spero
354 3452 423 3513 sore
459 3457 495 3512 ut
531 3470 619 3531 quae
655 3448 781 3511 contuli
818 3469 974 3531 quaeque
1009 3439 1176 3531 disputavi
1214 3451 1246 3512 in
1279 3452 1343 3513 hoc

219 3579 382 3662 opusculo
408 3581 504 3660 (quas
529 3579 696 3660 primitias
721 3599 812 3641 meas
836 3587 872 3641 tu
898 3579 1002 3642 lector
1026 3578 1196 3641 lenissimo
1217 3599 1344 3660 quaeso

218 3708 367 3789 excipias
393 3707 517 3790 animo)
536 3705 790 3787 quodammodo
803 3707 930 3788 prosint
947 3706 1173 3769 emendationi
1191 3704 1342 3790 Suetonii

216 3837 261 3898 ab
296 3836 386 3898 omni
424 3843 519 3917 parte
544 3834 637 3916 digni
663 3835 756 3896 cuius
775 3835 905 3916 scripta
930 3855 1033 3916 quam
1060 3834 1270 3916 integerrime
1296 3835 1342 3896 le·

216 3974 336 4046 gantur
371 3972 440 4026 tam
479 3963 523 4024 ob
561 3962 695 4043 elegans
729 3970 991 4042 accuratumque
1016 3959 1212 4021 elocutionis
1236 3981 1341 4040 genus

216 4113 319 4174 quam
365 4099 501 4173 propter
539 4089 678 4152 maximi
715 4088 876 4150 momenti
913 4107 980 4164 reS,
1035 4106 1119 4167 quas
1159 4088 1340 4151 memoriae

216 4217 398 4283 mandavit.
